Order ID,Date,Customer ID,Customer Name,Sales Person,Region,Item,Price,Quantity,Revenue,Quarter
0001,1/1/2018,11,Company K,Michael Fox,New Mexico,Item 2,199,3,597,Q1 2018
0002,1/2/2018,1,Company A,Anna Weber,Texas,Item 5,289,7,2023,Q1 2018
0003,1/3/2018,9,Company I,Kim Fishman,California,Item 4,159,3,477,Q1 2018
0004,1/3/2018,18,Company R,Oscar Knox,Arizona,Item 5,289,3,867,Q1 2018
0005,1/4/2018,16,Company P,Oscar Knox,Arizona,Item 3,69,4,276,Q1 2018
0006,1/4/2018,13,Company M,Michael Fox,New Mexico,Item 2,199,2,398,Q1 2018
0007,1/4/2018,17,Company Q,Andrew James,Arizona,Item 5,289,9,2601,Q1 2018
0008,1/5/2018,14,Company N,Michael Fox,New Mexico,Item 2,199,5,995,Q1 2018
0009,1/5/2018,20,Company T,Andrew James,Arizona,Item 1,399,5,1995,Q1 2018
0010,1/5/2018,3,Company C,Anna Weber,Texas,Item 2,199,0,0,Q1 2018
0011,1/5/2018,8,Company H,Laura Larsen,California,Item 5,289,9,2601,Q1 2018
0012,1/5/2018,6,Company F,Laura Larsen,California,Item 1,399,6,2394,Q1 2018
0013,1/5/2018,9,Company I,Kim Fishman,California,Item 2,199,6,1194,Q1 2018
0014,1/5/2018,4,Company D,Anna Weber,Texas,Item 1,399,4,1596,Q1 2018
0015,1/5/2018,6,Company F,Kim Fishman,California,Item 2,199,2,398,Q1 2018
0016,1/6/2018,13,Company M,Michael Fox,New Mexico,Item 3,69,0,0,Q1 2018
0017,1/7/2018,14,Company N,Michael Fox,New Mexico,Item 5,289,0,0,Q1 2018
0018,1/7/2018,19,Company S,Oscar Knox,Arizona,Item 4,159,5,795,Q1 2018
0019,1/7/2018,10,Company J,Laura Larsen,California,Item 3,69,2,138,Q1 2018
0020,1/7/2018,5,Company E,Anna Weber,Texas,Item 1,399,3,1197,Q1 2018
0021,1/7/2018,10,Company J,Laura Larsen,California,Item 3,69,2,138,Q1 2018
0022,1/7/2018,11,Company K,Anne Lee,New Mexico,Item 5,289,6,1734,Q1 2018
0023,1/7/2018,8,Company H,Laura Larsen,California,Item 4,159,4,636,Q1 2018
0024,1/7/2018,12,Company L,Michael Fox,New Mexico,Item 1,399,2,798,Q1 2018
0025,1/8/2018,3,Company C,Ben Wallace,Texas,Item 1,399,0,0,Q1 2018
0026,1/8/2018,14,Company N,Michael Fox,New Mexico,Item 5,289,0,0,Q1 2018
0027,1/8/2018,14,Company N,Anne Lee,New Mexico,Item 2,199,1,199,Q1 2018
0028,1/8/2018,19,Company S,Andrew James,Arizona,Item 1,399,7,2793,Q1 2018
0029,1/9/2018,10,Company J,Laura Larsen,California,Item 2,199,3,597,Q1 2018
0030,1/9/2018,12,Company L,Anne Lee,New Mexico,Item 5,289,0,0,Q1 2018
0031,1/9/2018,6,Company F,Kim Fishman,California,Item 4,159,2,318,Q1 2018
0032,1/9/2018,6,Company F,Laura Larsen,California,Item 1,399,3,1197,Q1 2018
0033,1/10/2018,6,Company F,Laura Larsen,California,Item 3,69,2,138,Q1 2018
0034,1/11/2018,1,Company A,Ben Wallace,Texas,Item 2,199,8,1592,Q1 2018
0035,1/11/2018,16,Company P,Andrew James,Arizona,Item 2,199,5,995,Q1 2018
0036,1/11/2018,13,Company M,Anne Lee,New Mexico,Item 5,289,1,289,Q1 2018
0037,1/11/2018,13,Company M,Anne Lee,New Mexico,Item 1,399,4,1596,Q1 2018
0038,1/12/2018,20,Company T,Oscar Knox,Arizona,Item 1,399,3,1197,Q1 2018
0039,1/12/2018,19,Company S,Andrew James,Arizona,Item 3,69,8,552,Q1 2018
0040,1/12/2018,14,Company N,Michael Fox,New Mexico,Item 5,289,3,867,Q1 2018
0041,1/13/2018,9,Company I,Kim Fishman,California,Item 1,399,4,1596,Q1 2018
0042,1/13/2018,17,Company Q,Andrew James,Arizona,Item 3,69,5,345,Q1 2018
0043,1/13/2018,13,Company M,Anne Lee,New Mexico,Item 4,159,8,1272,Q1 2018
0044,1/13/2018,7,Company G,Laura Larsen,California,Item 1,399,5,1995,Q1 2018
0045,1/13/2018,12,Company L,Anne Lee,New Mexico,Item 5,289,4,1156,Q1 2018
0046,1/13/2018,14,Company N,Michael Fox,New Mexico,Item 4,159,7,1113,Q1 2018
0047,1/13/2018,17,Company Q,Oscar Knox,Arizona,Item 5,289,0,0,Q1 2018
0048,1/13/2018,16,Company P,Oscar Knox,Arizona,Item 3,69,1,69,Q1 2018
0049,1/13/2018,4,Company D,Ben Wallace,Texas,Item 4,159,5,795,Q1 2018
0050,1/13/2018,5,Company E,Ben Wallace,Texas,Item 4,159,7,1113,Q1 2018
0051,1/13/2018,19,Company S,Andrew James,Arizona,Item 1,399,6,2394,Q1 2018
0052,1/13/2018,1,Company A,Ben Wallace,Texas,Item 3,69,2,138,Q1 2018
0053,1/14/2018,17,Company Q,Andrew James,Arizona,Item 3,69,7,483,Q1 2018
0054,1/15/2018,8,Company H,Laura Larsen,California,Item 5,289,1,289,Q1 2018
0055,1/15/2018,7,Company G,Laura Larsen,California,Item 1,399,0,0,Q1 2018
0056,1/15/2018,20,Company T,Andrew James,Arizona,Item 3,69,9,621,Q1 2018
0057,1/15/2018,8,Company H,Laura Larsen,California,Item 2,199,5,995,Q1 2018
0058,1/15/2018,11,Company K,Michael Fox,New Mexico,Item 3,69,9,621,Q1 2018
0059,1/15/2018,9,Company I,Kim Fishman,California,Item 1,399,7,2793,Q1 2018
0060,1/15/2018,10,Company J,Laura Larsen,California,Item 2,199,3,597,Q1 2018
0061,1/16/2018,2,Company B,Anna Weber,Texas,Item 4,159,8,1272,Q1 2018
0062,1/17/2018,20,Company T,Andrew James,Arizona,Item 4,159,9,1431,Q1 2018
0063,1/17/2018,9,Company I,Laura Larsen,California,Item 5,289,7,2023,Q1 2018
0064,1/18/2018,9,Company I,Laura Larsen,California,Item 1,399,1,399,Q1 2018
0065,1/19/2018,9,Company I,Laura Larsen,California,Item 2,199,6,1194,Q1 2018
0066,1/19/2018,10,Company J,Laura Larsen,California,Item 5,289,3,867,Q1 2018
0067,1/20/2018,16,Company P,Oscar Knox,Arizona,Item 3,69,2,138,Q1 2018
0068,1/20/2018,13,Company M,Anne Lee,New Mexico,Item 2,199,8,1592,Q1 2018
0069,1/21/2018,19,Company S,Andrew James,Arizona,Item 2,199,8,1592,Q1 2018
0070,1/21/2018,6,Company F,Laura Larsen,California,Item 2,199,0,0,Q1 2018
0071,1/21/2018,17,Company Q,Oscar Knox,Arizona,Item 4,159,4,636,Q1 2018
0072,1/22/2018,15,Company O,Anne Lee,New Mexico,Item 1,399,4,1596,Q1 2018
0073,1/23/2018,15,Company O,Anne Lee,New Mexico,Item 4,159,1,159,Q1 2018
0074,1/23/2018,20,Company T,Oscar Knox,Arizona,Item 5,289,1,289,Q1 2018
0075,1/23/2018,13,Company M,Michael Fox,New Mexico,Item 5,289,5,1445,Q1 2018
0076,1/24/2018,18,Company R,Oscar Knox,Arizona,Item 3,69,7,483,Q1 2018
0077,1/24/2018,8,Company H,Laura Larsen,California,Item 3,69,2,138,Q1 2018
0078,1/24/2018,5,Company E,Ben Wallace,Texas,Item 5,289,1,289,Q1 2018
0079,1/24/2018,19,Company S,Oscar Knox,Arizona,Item 5,289,8,2312,Q1 2018
0080,1/24/2018,10,Company J,Kim Fishman,California,Item 5,289,3,867,Q1 2018
0081,1/24/2018,7,Company G,Laura Larsen,California,Item 1,399,6,2394,Q1 2018
0082,1/24/2018,5,Company E,Anna Weber,Texas,Item 3,69,1,69,Q1 2018
0083,1/24/2018,10,Company J,Laura Larsen,California,Item 3,69,2,138,Q1 2018
0084,1/25/2018,18,Company R,Andrew James,Arizona,Item 1,399,1,399,Q1 2018
0085,1/26/2018,4,Company D,Ben Wallace,Texas,Item 1,399,9,3591,Q1 2018
0086,1/26/2018,12,Company L,Michael Fox,New Mexico,Item 1,399,2,798,Q1 2018
0087,1/27/2018,17,Company Q,Andrew James,Arizona,Item 4,159,3,477,Q1 2018
0088,1/27/2018,12,Company L,Michael Fox,New Mexico,Item 3,69,2,138,Q1 2018
0089,1/27/2018,8,Company H,Kim Fishman,California,Item 2,199,5,995,Q1 2018
0090,1/27/2018,12,Company L,Anne Lee,New Mexico,Item 3,69,2,138,Q1 2018
0091,1/27/2018,19,Company S,Andrew James,Arizona,Item 5,289,4,1156,Q1 2018
0092,1/28/2018,20,Company T,Oscar Knox,Arizona,Item 1,399,6,2394,Q1 2018
0093,1/29/2018,7,Company G,Kim Fishman,California,Item 1,399,1,399,Q1 2018
0094,1/29/2018,8,Company H,Kim Fishman,California,Item 2,199,2,398,Q1 2018
0095,1/29/2018,7,Company G,Laura Larsen,California,Item 3,69,8,552,Q1 2018
0096,1/30/2018,15,Company O,Michael Fox,New Mexico,Item 3,69,9,621,Q1 2018
0097,1/30/2018,11,Company K,Anne Lee,New Mexico,Item 3,69,7,483,Q1 2018
0098,1/30/2018,19,Company S,Oscar Knox,Arizona,Item 4,159,8,1272,Q1 2018
0099,1/30/2018,8,Company H,Laura Larsen,California,Item 2,199,9,1791,Q1 2018
0100,1/30/2018,12,Company L,Michael Fox,New Mexico,Item 2,199,5,995,Q1 2018
0101,1/31/2018,18,Company R,Oscar Knox,Arizona,Item 3,69,4,276,Q1 2018
0102,2/1/2018,10,Company J,Kim Fishman,California,Item 3,69,4,276,Q1 2018
0103,2/1/2018,20,Company T,Andrew James,Arizona,Item 3,69,6,414,Q1 2018
0104,2/2/2018,4,Company D,Ben Wallace,Texas,Item 1,399,1,399,Q1 2018
0105,2/2/2018,11,Company K,Michael Fox,New Mexico,Item 4,159,0,0,Q1 2018
0106,2/2/2018,2,Company B,Ben Wallace,Texas,Item 4,159,5,795,Q1 2018
0107,2/2/2018,7,Company G,Kim Fishman,California,Item 4,159,5,795,Q1 2018
0108,2/2/2018,15,Company O,Anne Lee,New Mexico,Item 1,399,2,798,Q1 2018
0109,2/2/2018,20,Company T,Oscar Knox,Arizona,Item 4,159,7,1113,Q1 2018
0110,2/3/2018,16,Company P,Oscar Knox,Arizona,Item 2,199,6,1194,Q1 2018
0111,2/3/2018,19,Company S,Andrew James,Arizona,Item 1,399,6,2394,Q1 2018
0112,2/4/2018,1,Company A,Anna Weber,Texas,Item 1,399,2,798,Q1 2018
0113,2/5/2018,17,Company Q,Oscar Knox,Arizona,Item 1,399,5,1995,Q1 2018
0114,2/5/2018,9,Company I,Kim Fishman,California,Item 4,159,4,636,Q1 2018
0115,2/5/2018,2,Company B,Ben Wallace,Texas,Item 3,69,7,483,Q1 2018
0116,2/5/2018,14,Company N,Michael Fox,New Mexico,Item 3,69,7,483,Q1 2018
0117,2/5/2018,14,Company N,Michael Fox,New Mexico,Item 1,399,7,2793,Q1 2018
0118,2/6/2018,5,Company E,Anna Weber,Texas,Item 5,289,2,578,Q1 2018
0119,2/6/2018,5,Company E,Anna Weber,Texas,Item 2,199,2,398,Q1 2018
0120,2/6/2018,14,Company N,Michael Fox,New Mexico,Item 4,159,3,477,Q1 2018
0121,2/7/2018,15,Company O,Michael Fox,New Mexico,Item 2,199,3,597,Q1 2018
0122,2/8/2018,8,Company H,Laura Larsen,California,Item 3,69,6,414,Q1 2018
0123,2/8/2018,2,Company B,Anna Weber,Texas,Item 5,289,6,1734,Q1 2018
0124,2/8/2018,4,Company D,Ben Wallace,Texas,Item 5,289,7,2023,Q1 2018
0125,2/8/2018,10,Company J,Kim Fishman,California,Item 4,159,0,0,Q1 2018
0126,2/8/2018,18,Company R,Oscar Knox,Arizona,Item 1,399,4,1596,Q1 2018
0127,2/8/2018,8,Company H,Laura Larsen,California,Item 4,159,4,636,Q1 2018
0128,2/9/2018,11,Company K,Anne Lee,New Mexico,Item 2,199,0,0,Q1 2018
0129,2/10/2018,6,Company F,Kim Fishman,California,Item 2,199,8,1592,Q1 2018
0130,2/11/2018,16,Company P,Oscar Knox,Arizona,Item 2,199,0,0,Q1 2018
0131,2/11/2018,10,Company J,Kim Fishman,California,Item 1,399,3,1197,Q1 2018
0132,2/11/2018,7,Company G,Kim Fishman,California,Item 4,159,9,1431,Q1 2018
0133,2/11/2018,12,Company L,Michael Fox,New Mexico,Item 1,399,9,3591,Q1 2018
0134,2/12/2018,13,Company M,Michael Fox,New Mexico,Item 4,159,7,1113,Q1 2018
0135,2/12/2018,16,Company P,Oscar Knox,Arizona,Item 3,69,5,345,Q1 2018
0136,2/13/2018,6,Company F,Laura Larsen,California,Item 2,199,9,1791,Q1 2018
0137,2/13/2018,12,Company L,Anne Lee,New Mexico,Item 1,399,3,1197,Q1 2018
0138,2/13/2018,14,Company N,Anne Lee,New Mexico,Item 1,399,3,1197,Q1 2018
0139,2/13/2018,13,Company M,Michael Fox,New Mexico,Item 3,69,4,276,Q1 2018
0140,2/13/2018,15,Company O,Anne Lee,New Mexico,Item 1,399,8,3192,Q1 2018
0141,2/13/2018,10,Company J,Kim Fishman,California,Item 4,159,8,1272,Q1 2018
0142,2/13/2018,10,Company J,Kim Fishman,California,Item 5,289,4,1156,Q1 2018
0143,2/13/2018,7,Company G,Laura Larsen,California,Item 5,289,5,1445,Q1 2018
0144,2/13/2018,13,Company M,Anne Lee,New Mexico,Item 4,159,2,318,Q1 2018
0145,2/13/2018,6,Company F,Kim Fishman,California,Item 2,199,6,1194,Q1 2018
0146,2/13/2018,8,Company H,Laura Larsen,California,Item 2,199,2,398,Q1 2018
0147,2/13/2018,13,Company M,Anne Lee,New Mexico,Item 4,159,5,795,Q1 2018
0148,2/13/2018,2,Company B,Ben Wallace,Texas,Item 1,399,2,798,Q1 2018
0149,2/13/2018,12,Company L,Anne Lee,New Mexico,Item 5,289,8,2312,Q1 2018
0150,2/13/2018,8,Company H,Laura Larsen,California,Item 2,199,1,199,Q1 2018
0151,2/13/2018,20,Company T,Oscar Knox,Arizona,Item 2,199,8,1592,Q1 2018
0152,2/13/2018,12,Company L,Michael Fox,New Mexico,Item 4,159,6,954,Q1 2018
0153,2/13/2018,2,Company B,Ben Wallace,Texas,Item 5,289,2,578,Q1 2018
0154,2/14/2018,8,Company H,Kim Fishman,California,Item 3,69,8,552,Q1 2018
0155,2/15/2018,15,Company O,Michael Fox,New Mexico,Item 2,199,9,1791,Q1 2018
0156,2/15/2018,18,Company R,Andrew James,Arizona,Item 4,159,4,636,Q1 2018
0157,2/16/2018,13,Company M,Michael Fox,New Mexico,Item 5,289,3,867,Q1 2018
0158,2/16/2018,11,Company K,Anne Lee,New Mexico,Item 2,199,4,796,Q1 2018
0159,2/16/2018,20,Company T,Oscar Knox,Arizona,Item 4,159,6,954,Q1 2018
0160,2/16/2018,1,Company A,Anna Weber,Texas,Item 2,199,9,1791,Q1 2018
0161,2/16/2018,8,Company H,Laura Larsen,California,Item 2,199,2,398,Q1 2018
0162,2/16/2018,15,Company O,Anne Lee,New Mexico,Item 3,69,5,345,Q1 2018
0163,2/16/2018,19,Company S,Oscar Knox,Arizona,Item 5,289,7,2023,Q1 2018
0164,2/17/2018,13,Company M,Anne Lee,New Mexico,Item 3,69,1,69,Q1 2018
0165,2/17/2018,4,Company D,Anna Weber,Texas,Item 4,159,1,159,Q1 2018
0166,2/18/2018,15,Company O,Michael Fox,New Mexico,Item 3,69,0,0,Q1 2018
0167,2/18/2018,12,Company L,Anne Lee,New Mexico,Item 3,69,1,69,Q1 2018
0168,2/18/2018,7,Company G,Kim Fishman,California,Item 4,159,2,318,Q1 2018
0169,2/18/2018,10,Company J,Laura Larsen,California,Item 3,69,4,276,Q1 2018
0170,2/18/2018,6,Company F,Laura Larsen,California,Item 3,69,3,207,Q1 2018
0171,2/19/2018,8,Company H,Laura Larsen,California,Item 1,399,6,2394,Q1 2018
0172,2/19/2018,11,Company K,Michael Fox,New Mexico,Item 3,69,5,345,Q1 2018
0173,2/19/2018,2,Company B,Ben Wallace,Texas,Item 1,399,1,399,Q1 2018
0174,2/19/2018,6,Company F,Laura Larsen,California,Item 1,399,6,2394,Q1 2018
0175,2/20/2018,11,Company K,Michael Fox,New Mexico,Item 5,289,5,1445,Q1 2018
0176,2/21/2018,13,Company M,Anne Lee,New Mexico,Item 2,199,6,1194,Q1 2018
0177,2/21/2018,8,Company H,Laura Larsen,California,Item 5,289,1,289,Q1 2018
0178,2/21/2018,13,Company M,Michael Fox,New Mexico,Item 4,159,1,159,Q1 2018
0179,2/21/2018,1,Company A,Anna Weber,Texas,Item 5,289,2,578,Q1 2018
0180,2/21/2018,20,Company T,Oscar Knox,Arizona,Item 3,69,3,207,Q1 2018
0181,2/21/2018,20,Company T,Andrew James,Arizona,Item 3,69,1,69,Q1 2018
0182,2/21/2018,1,Company A,Anna Weber,Texas,Item 4,159,2,318,Q1 2018
0183,2/22/2018,10,Company J,Kim Fishman,California,Item 2,199,2,398,Q1 2018
0184,2/23/2018,12,Company L,Anne Lee,New Mexico,Item 4,159,7,1113,Q1 2018
0185,2/23/2018,4,Company D,Ben Wallace,Texas,Item 1,399,5,1995,Q1 2018
0186,2/23/2018,5,Company E,Ben Wallace,Texas,Item 5,289,4,1156,Q1 2018
0187,2/24/2018,17,Company Q,Oscar Knox,Arizona,Item 1,399,9,3591,Q1 2018
0188,2/24/2018,17,Company Q,Andrew James,Arizona,Item 2,199,6,1194,Q1 2018
0189,2/25/2018,20,Company T,Oscar Knox,Arizona,Item 1,399,8,3192,Q1 2018
0190,2/25/2018,5,Company E,Anna Weber,Texas,Item 2,199,5,995,Q1 2018
0191,2/25/2018,11,Company K,Michael Fox,New Mexico,Item 4,159,4,636,Q1 2018
0192,2/26/2018,12,Company L,Anne Lee,New Mexico,Item 1,399,0,0,Q1 2018
0193,2/27/2018,9,Company I,Laura Larsen,California,Item 4,159,1,159,Q1 2018
0194,2/27/2018,4,Company D,Anna Weber,Texas,Item 2,199,0,0,Q1 2018
0195,2/27/2018,15,Company O,Anne Lee,New Mexico,Item 4,159,8,1272,Q1 2018
0196,2/28/2018,6,Company F,Laura Larsen,California,Item 5,289,9,2601,Q1 2018
0197,3/1/2018,18,Company R,Andrew James,Arizona,Item 3,69,8,552,Q1 2018
0198,3/1/2018,18,Company R,Oscar Knox,Arizona,Item 4,159,6,954,Q1 2018
0199,3/2/2018,17,Company Q,Andrew James,Arizona,Item 4,159,4,636,Q1 2018
0200,3/3/2018,12,Company L,Anne Lee,New Mexico,Item 2,199,4,796,Q1 2018
0201,3/4/2018,18,Company R,Oscar Knox,Arizona,Item 5,289,5,1445,Q1 2018
0202,3/5/2018,9,Company I,Kim Fishman,California,Item 2,199,0,0,Q1 2018
0203,3/6/2018,12,Company L,Michael Fox,New Mexico,Item 5,289,7,2023,Q1 2018
0204,3/7/2018,2,Company B,Anna Weber,Texas,Item 2,199,2,398,Q1 2018
0205,3/8/2018,19,Company S,Andrew James,Arizona,Item 2,199,5,995,Q1 2018
0206,3/8/2018,5,Company E,Ben Wallace,Texas,Item 1,399,6,2394,Q1 2018
0207,3/8/2018,18,Company R,Oscar Knox,Arizona,Item 2,199,6,1194,Q1 2018
0208,3/8/2018,6,Company F,Kim Fishman,California,Item 2,199,9,1791,Q1 2018
0209,3/8/2018,16,Company P,Andrew James,Arizona,Item 4,159,3,477,Q1 2018
0210,3/8/2018,14,Company N,Michael Fox,New Mexico,Item 1,399,8,3192,Q1 2018
0211,3/8/2018,4,Company D,Ben Wallace,Texas,Item 3,69,4,276,Q1 2018
0212,3/8/2018,2,Company B,Anna Weber,Texas,Item 2,199,0,0,Q1 2018
0213,3/9/2018,1,Company A,Ben Wallace,Texas,Item 4,159,2,318,Q1 2018
0214,3/10/2018,5,Company E,Ben Wallace,Texas,Item 3,69,6,414,Q1 2018
0215,3/11/2018,3,Company C,Anna Weber,Texas,Item 2,199,3,597,Q1 2018
0216,3/11/2018,18,Company R,Oscar Knox,Arizona,Item 3,69,9,621,Q1 2018
0217,3/11/2018,12,Company L,Anne Lee,New Mexico,Item 5,289,4,1156,Q1 2018
0218,3/11/2018,8,Company H,Laura Larsen,California,Item 4,159,2,318,Q1 2018
0219,3/11/2018,7,Company G,Laura Larsen,California,Item 4,159,1,159,Q1 2018
0220,3/11/2018,17,Company Q,Andrew James,Arizona,Item 4,159,2,318,Q1 2018
0221,3/11/2018,13,Company M,Michael Fox,New Mexico,Item 4,159,3,477,Q1 2018
0222,3/11/2018,4,Company D,Anna Weber,Texas,Item 2,199,8,1592,Q1 2018
0223,3/11/2018,10,Company J,Laura Larsen,California,Item 4,159,8,1272,Q1 2018
0224,3/11/2018,9,Company I,Kim Fishman,California,Item 1,399,6,2394,Q1 2018
0225,3/11/2018,2,Company B,Anna Weber,Texas,Item 1,399,9,3591,Q1 2018
0226,3/12/2018,14,Company N,Michael Fox,New Mexico,Item 1,399,1,399,Q1 2018
0227,3/13/2018,14,Company N,Michael Fox,New Mexico,Item 1,399,1,399,Q1 2018
0228,3/14/2018,1,Company A,Ben Wallace,Texas,Item 5,289,2,578,Q1 2018
0229,3/14/2018,17,Company Q,Oscar Knox,Arizona,Item 5,289,8,2312,Q1 2018
0230,3/15/2018,3,Company C,Anna Weber,Texas,Item 1,399,6,2394,Q1 2018
0231,3/15/2018,19,Company S,Oscar Knox,Arizona,Item 2,199,6,1194,Q1 2018
0232,3/15/2018,7,Company G,Laura Larsen,California,Item 1,399,9,3591,Q1 2018
0233,3/15/2018,9,Company I,Laura Larsen,California,Item 3,69,8,552,Q1 2018
0234,3/16/2018,15,Company O,Anne Lee,New Mexico,Item 2,199,2,398,Q1 2018
0235,3/16/2018,2,Company B,Anna Weber,Texas,Item 5,289,3,867,Q1 2018
0236,3/16/2018,20,Company T,Andrew James,Arizona,Item 3,69,8,552,Q1 2018
0237,3/16/2018,4,Company D,Anna Weber,Texas,Item 3,69,7,483,Q1 2018
0238,3/16/2018,7,Company G,Kim Fishman,California,Item 2,199,3,597,Q1 2018
0239,3/16/2018,16,Company P,Andrew James,Arizona,Item 1,399,9,3591,Q1 2018
0240,3/16/2018,18,Company R,Andrew James,Arizona,Item 2,199,5,995,Q1 2018
0241,3/16/2018,4,Company D,Anna Weber,Texas,Item 3,69,5,345,Q1 2018
0242,3/17/2018,2,Company B,Anna Weber,Texas,Item 5,289,0,0,Q1 2018
0243,3/17/2018,20,Company T,Oscar Knox,Arizona,Item 2,199,4,796,Q1 2018
0244,3/17/2018,4,Company D,Anna Weber,Texas,Item 4,159,2,318,Q1 2018
0245,3/18/2018,19,Company S,Oscar Knox,Arizona,Item 4,159,0,0,Q1 2018
0246,3/18/2018,20,Company T,Oscar Knox,Arizona,Item 5,289,4,1156,Q1 2018
0247,3/18/2018,6,Company F,Kim Fishman,California,Item 5,289,2,578,Q1 2018
0248,3/18/2018,18,Company R,Andrew James,Arizona,Item 3,69,5,345,Q1 2018
0249,3/18/2018,19,Company S,Oscar Knox,Arizona,Item 1,399,3,1197,Q1 2018
0250,3/18/2018,8,Company H,Kim Fishman,California,Item 4,159,7,1113,Q1 2018
0251,3/18/2018,2,Company B,Ben Wallace,Texas,Item 1,399,9,3591,Q1 2018
0252,3/18/2018,14,Company N,Michael Fox,New Mexico,Item 2,199,2,398,Q1 2018
0253,3/18/2018,16,Company P,Oscar Knox,Arizona,Item 1,399,5,1995,Q1 2018
0254,3/19/2018,6,Company F,Kim Fishman,California,Item 4,159,4,636,Q1 2018
0255,3/19/2018,5,Company E,Ben Wallace,Texas,Item 2,199,9,1791,Q1 2018
0256,3/19/2018,18,Company R,Oscar Knox,Arizona,Item 4,159,2,318,Q1 2018
0257,3/19/2018,2,Company B,Anna Weber,Texas,Item 3,69,8,552,Q1 2018
0258,3/20/2018,17,Company Q,Andrew James,Arizona,Item 1,399,5,1995,Q1 2018
0259,3/20/2018,16,Company P,Oscar Knox,Arizona,Item 5,289,1,289,Q1 2018
0260,3/20/2018,14,Company N,Michael Fox,New Mexico,Item 3,69,9,621,Q1 2018
0261,3/21/2018,4,Company D,Anna Weber,Texas,Item 2,199,8,1592,Q1 2018
0262,3/22/2018,8,Company H,Laura Larsen,California,Item 4,159,1,159,Q1 2018
0263,3/23/2018,7,Company G,Laura Larsen,California,Item 4,159,5,795,Q1 2018
0264,3/24/2018,17,Company Q,Andrew James,Arizona,Item 2,199,1,199,Q1 2018
0265,3/24/2018,17,Company Q,Oscar Knox,Arizona,Item 5,289,7,2023,Q1 2018
0266,3/25/2018,12,Company L,Anne Lee,New Mexico,Item 3,69,4,276,Q1 2018
0267,3/25/2018,16,Company P,Oscar Knox,Arizona,Item 2,199,8,1592,Q1 2018
0268,3/25/2018,4,Company D,Ben Wallace,Texas,Item 2,199,1,199,Q1 2018
0269,3/25/2018,20,Company T,Oscar Knox,Arizona,Item 2,199,6,1194,Q1 2018
0270,3/25/2018,14,Company N,Anne Lee,New Mexico,Item 1,399,9,3591,Q1 2018
0271,3/25/2018,14,Company N,Michael Fox,New Mexico,Item 2,199,3,597,Q1 2018
0272,3/25/2018,15,Company O,Anne Lee,New Mexico,Item 5,289,7,2023,Q1 2018
0273,3/25/2018,3,Company C,Ben Wallace,Texas,Item 2,199,9,1791,Q1 2018
0274,3/25/2018,7,Company G,Kim Fishman,California,Item 2,199,3,597,Q1 2018
0275,3/25/2018,7,Company G,Laura Larsen,California,Item 5,289,0,0,Q1 2018
0276,3/25/2018,2,Company B,Anna Weber,Texas,Item 4,159,7,1113,Q1 2018
0277,3/26/2018,16,Company P,Oscar Knox,Arizona,Item 5,289,3,867,Q1 2018
0278,3/26/2018,6,Company F,Kim Fishman,California,Item 1,399,8,3192,Q1 2018
0279,3/26/2018,9,Company I,Kim Fishman,California,Item 3,69,9,621,Q1 2018
0280,3/26/2018,16,Company P,Andrew James,Arizona,Item 2,199,1,199,Q1 2018
0281,3/26/2018,20,Company T,Andrew James,Arizona,Item 3,69,3,207,Q1 2018
0282,3/27/2018,16,Company P,Oscar Knox,Arizona,Item 4,159,6,954,Q1 2018
0283,3/27/2018,20,Company T,Andrew James,Arizona,Item 4,159,0,0,Q1 2018
0284,3/27/2018,2,Company B,Anna Weber,Texas,Item 4,159,4,636,Q1 2018
0285,3/27/2018,11,Company K,Michael Fox,New Mexico,Item 5,289,3,867,Q1 2018
0286,3/27/2018,13,Company M,Anne Lee,New Mexico,Item 3,69,6,414,Q1 2018
0287,3/27/2018,4,Company D,Anna Weber,Texas,Item 5,289,7,2023,Q1 2018
0288,3/27/2018,3,Company C,Ben Wallace,Texas,Item 4,159,2,318,Q1 2018
0289,3/28/2018,20,Company T,Andrew James,Arizona,Item 5,289,1,289,Q1 2018
0290,3/29/2018,3,Company C,Anna Weber,Texas,Item 4,159,9,1431,Q1 2018
0291,3/30/2018,19,Company S,Oscar Knox,Arizona,Item 3,69,3,207,Q1 2018
0292,3/30/2018,1,Company A,Ben Wallace,Texas,Item 4,159,0,0,Q1 2018
0293,3/30/2018,2,Company B,Anna Weber,Texas,Item 2,199,7,1393,Q1 2018
0294,3/30/2018,16,Company P,Oscar Knox,Arizona,Item 4,159,2,318,Q1 2018
0295,3/31/2018,7,Company G,Laura Larsen,California,Item 3,69,3,207,Q1 2018
0296,3/31/2018,9,Company I,Kim Fishman,California,Item 3,69,4,276,Q1 2018
0297,3/31/2018,14,Company N,Michael Fox,New Mexico,Item 1,399,5,1995,Q1 2018
0298,3/31/2018,13,Company M,Anne Lee,New Mexico,Item 3,69,4,276,Q1 2018
0299,3/31/2018,12,Company L,Michael Fox,New Mexico,Item 2,199,8,1592,Q1 2018
0300,4/1/2018,7,Company G,Kim Fishman,California,Item 3,69,2,138,Q2 2018
0301,4/2/2018,10,Company J,Kim Fishman,California,Item 1,399,9,3591,Q2 2018
0302,4/3/2018,6,Company F,Laura Larsen,California,Item 3,69,6,414,Q2 2018
0303,4/4/2018,20,Company T,Oscar Knox,Arizona,Item 4,159,0,0,Q2 2018
0304,4/4/2018,2,Company B,Ben Wallace,Texas,Item 3,69,1,69,Q2 2018
0305,4/5/2018,8,Company H,Laura Larsen,California,Item 5,289,9,2601,Q2 2018
0306,4/5/2018,1,Company A,Anna Weber,Texas,Item 4,159,3,477,Q2 2018
0307,4/5/2018,4,Company D,Anna Weber,Texas,Item 2,199,5,995,Q2 2018
0308,4/5/2018,12,Company L,Michael Fox,New Mexico,Item 2,199,6,1194,Q2 2018
0309,4/6/2018,15,Company O,Michael Fox,New Mexico,Item 5,289,8,2312,Q2 2018
0310,4/6/2018,6,Company F,Laura Larsen,California,Item 3,69,0,0,Q2 2018
0311,4/7/2018,19,Company S,Oscar Knox,Arizona,Item 5,289,5,1445,Q2 2018
0312,4/7/2018,18,Company R,Oscar Knox,Arizona,Item 2,199,0,0,Q2 2018
0313,4/7/2018,7,Company G,Kim Fishman,California,Item 2,199,9,1791,Q2 2018
0314,4/7/2018,2,Company B,Ben Wallace,Texas,Item 2,199,5,995,Q2 2018
0315,4/8/2018,19,Company S,Oscar Knox,Arizona,Item 2,199,9,1791,Q2 2018
0316,4/8/2018,19,Company S,Oscar Knox,Arizona,Item 2,199,8,1592,Q2 2018
0317,4/9/2018,2,Company B,Anna Weber,Texas,Item 2,199,3,597,Q2 2018
0318,4/9/2018,5,Company E,Ben Wallace,Texas,Item 2,199,4,796,Q2 2018
0319,4/10/2018,14,Company N,Michael Fox,New Mexico,Item 3,69,3,207,Q2 2018
0320,4/11/2018,12,Company L,Anne Lee,New Mexico,Item 3,69,0,0,Q2 2018
0321,4/12/2018,9,Company I,Kim Fishman,California,Item 1,399,1,399,Q2 2018
0322,4/13/2018,2,Company B,Anna Weber,Texas,Item 5,289,8,2312,Q2 2018
0323,4/13/2018,19,Company S,Oscar Knox,Arizona,Item 5,289,3,867,Q2 2018
0324,4/14/2018,17,Company Q,Andrew James,Arizona,Item 4,159,4,636,Q2 2018
0325,4/14/2018,14,Company N,Anne Lee,New Mexico,Item 1,399,3,1197,Q2 2018
0326,4/14/2018,7,Company G,Kim Fishman,California,Item 3,69,2,138,Q2 2018
0327,4/14/2018,9,Company I,Laura Larsen,California,Item 2,199,9,1791,Q2 2018
0328,4/14/2018,8,Company H,Kim Fishman,California,Item 2,199,2,398,Q2 2018
0329,4/14/2018,14,Company N,Michael Fox,New Mexico,Item 5,289,4,1156,Q2 2018
0330,4/14/2018,7,Company G,Laura Larsen,California,Item 1,399,8,3192,Q2 2018
0331,4/14/2018,10,Company J,Laura Larsen,California,Item 1,399,9,3591,Q2 2018
0332,4/14/2018,6,Company F,Laura Larsen,California,Item 2,199,8,1592,Q2 2018
0333,4/14/2018,18,Company R,Oscar Knox,Arizona,Item 1,399,4,1596,Q2 2018
0334,4/15/2018,4,Company D,Ben Wallace,Texas,Item 5,289,6,1734,Q2 2018
0335,4/15/2018,2,Company B,Ben Wallace,Texas,Item 3,69,9,621,Q2 2018
0336,4/16/2018,4,Company D,Anna Weber,Texas,Item 4,159,9,1431,Q2 2018
0337,4/17/2018,11,Company K,Anne Lee,New Mexico,Item 3,69,8,552,Q2 2018
0338,4/17/2018,13,Company M,Michael Fox,New Mexico,Item 1,399,8,3192,Q2 2018
0339,4/18/2018,8,Company H,Kim Fishman,California,Item 3,69,6,414,Q2 2018
0340,4/19/2018,8,Company H,Laura Larsen,California,Item 4,159,6,954,Q2 2018
0341,4/19/2018,1,Company A,Anna Weber,Texas,Item 5,289,3,867,Q2 2018
0342,4/19/2018,19,Company S,Andrew James,Arizona,Item 3,69,1,69,Q2 2018
0343,4/19/2018,5,Company E,Anna Weber,Texas,Item 4,159,0,0,Q2 2018
0344,4/19/2018,9,Company I,Kim Fishman,California,Item 2,199,6,1194,Q2 2018
0345,4/19/2018,13,Company M,Michael Fox,New Mexico,Item 2,199,2,398,Q2 2018
0346,4/19/2018,17,Company Q,Oscar Knox,Arizona,Item 3,69,2,138,Q2 2018
0347,4/19/2018,18,Company R,Oscar Knox,Arizona,Item 2,199,0,0,Q2 2018
0348,4/19/2018,19,Company S,Oscar Knox,Arizona,Item 5,289,1,289,Q2 2018
0349,4/19/2018,13,Company M,Anne Lee,New Mexico,Item 4,159,5,795,Q2 2018
0350,4/19/2018,3,Company C,Anna Weber,Texas,Item 1,399,1,399,Q2 2018
0351,4/19/2018,4,Company D,Ben Wallace,Texas,Item 3,69,6,414,Q2 2018
0352,4/19/2018,10,Company J,Laura Larsen,California,Item 4,159,9,1431,Q2 2018
0353,4/20/2018,4,Company D,Anna Weber,Texas,Item 1,399,1,399,Q2 2018
0354,4/20/2018,5,Company E,Anna Weber,Texas,Item 3,69,1,69,Q2 2018
0355,4/20/2018,17,Company Q,Oscar Knox,Arizona,Item 1,399,6,2394,Q2 2018
0356,4/21/2018,18,Company R,Andrew James,Arizona,Item 2,199,8,1592,Q2 2018
0357,4/21/2018,3,Company C,Ben Wallace,Texas,Item 1,399,2,798,Q2 2018
0358,4/22/2018,2,Company B,Anna Weber,Texas,Item 3,69,2,138,Q2 2018
0359,4/22/2018,1,Company A,Ben Wallace,Texas,Item 1,399,5,1995,Q2 2018
0360,4/22/2018,19,Company S,Oscar Knox,Arizona,Item 2,199,9,1791,Q2 2018
0361,4/22/2018,10,Company J,Kim Fishman,California,Item 3,69,7,483,Q2 2018
0362,4/22/2018,5,Company E,Anna Weber,Texas,Item 1,399,2,798,Q2 2018
0363,4/22/2018,5,Company E,Ben Wallace,Texas,Item 4,159,5,795,Q2 2018
0364,4/22/2018,16,Company P,Andrew James,Arizona,Item 4,159,9,1431,Q2 2018
0365,4/23/2018,7,Company G,Kim Fishman,California,Item 5,289,9,2601,Q2 2018
0366,4/23/2018,7,Company G,Laura Larsen,California,Item 3,69,0,0,Q2 2018
0367,4/24/2018,7,Company G,Kim Fishman,California,Item 5,289,2,578,Q2 2018
0368,4/24/2018,8,Company H,Kim Fishman,California,Item 5,289,6,1734,Q2 2018
0369,4/24/2018,6,Company F,Laura Larsen,California,Item 4,159,7,1113,Q2 2018
0370,4/24/2018,15,Company O,Anne Lee,New Mexico,Item 2,199,4,796,Q2 2018
0371,4/24/2018,18,Company R,Andrew James,Arizona,Item 4,159,8,1272,Q2 2018
0372,4/24/2018,7,Company G,Kim Fishman,California,Item 5,289,8,2312,Q2 2018
0373,4/24/2018,15,Company O,Michael Fox,New Mexico,Item 2,199,6,1194,Q2 2018
0374,4/25/2018,5,Company E,Anna Weber,Texas,Item 1,399,3,1197,Q2 2018
0375,4/25/2018,15,Company O,Anne Lee,New Mexico,Item 4,159,4,636,Q2 2018
0376,4/25/2018,16,Company P,Andrew James,Arizona,Item 3,69,3,207,Q2 2018
0377,4/25/2018,12,Company L,Anne Lee,New Mexico,Item 2,199,6,1194,Q2 2018
0378,4/25/2018,11,Company K,Michael Fox,New Mexico,Item 1,399,3,1197,Q2 2018
0379,4/25/2018,15,Company O,Michael Fox,New Mexico,Item 4,159,0,0,Q2 2018
0380,4/26/2018,19,Company S,Andrew James,Arizona,Item 4,159,5,795,Q2 2018
0381,4/27/2018,5,Company E,Anna Weber,Texas,Item 3,69,5,345,Q2 2018
0382,4/28/2018,7,Company G,Laura Larsen,California,Item 3,69,8,552,Q2 2018
0383,4/28/2018,2,Company B,Anna Weber,Texas,Item 4,159,7,1113,Q2 2018
0384,4/28/2018,1,Company A,Ben Wallace,Texas,Item 4,159,5,795,Q2 2018
0385,4/28/2018,17,Company Q,Andrew James,Arizona,Item 5,289,3,867,Q2 2018
0386,4/28/2018,3,Company C,Anna Weber,Texas,Item 1,399,2,798,Q2 2018
0387,4/28/2018,9,Company I,Laura Larsen,California,Item 4,159,8,1272,Q2 2018
0388,4/28/2018,20,Company T,Andrew James,Arizona,Item 3,69,4,276,Q2 2018
0389,4/28/2018,13,Company M,Anne Lee,New Mexico,Item 5,289,3,867,Q2 2018
0390,4/28/2018,1,Company A,Ben Wallace,Texas,Item 5,289,4,1156,Q2 2018
0391,4/28/2018,10,Company J,Laura Larsen,California,Item 2,199,0,0,Q2 2018
0392,4/29/2018,8,Company H,Kim Fishman,California,Item 5,289,0,0,Q2 2018
0393,4/29/2018,14,Company N,Anne Lee,New Mexico,Item 3,69,7,483,Q2 2018
0394,4/30/2018,18,Company R,Oscar Knox,Arizona,Item 2,199,3,597,Q2 2018
0395,5/1/2018,18,Company R,Oscar Knox,Arizona,Item 3,69,3,207,Q2 2018
0396,5/2/2018,14,Company N,Anne Lee,New Mexico,Item 4,159,5,795,Q2 2018
0397,5/2/2018,19,Company S,Andrew James,Arizona,Item 5,289,1,289,Q2 2018
0398,5/3/2018,18,Company R,Andrew James,Arizona,Item 4,159,0,0,Q2 2018
0399,5/3/2018,5,Company E,Ben Wallace,Texas,Item 1,399,7,2793,Q2 2018
0400,5/3/2018,19,Company S,Oscar Knox,Arizona,Item 5,289,6,1734,Q2 2018
0401,5/4/2018,5,Company E,Anna Weber,Texas,Item 3,69,0,0,Q2 2018
0402,5/5/2018,16,Company P,Andrew James,Arizona,Item 5,289,8,2312,Q2 2018
0403,5/5/2018,12,Company L,Anne Lee,New Mexico,Item 1,399,6,2394,Q2 2018
0404,5/6/2018,5,Company E,Anna Weber,Texas,Item 4,159,9,1431,Q2 2018
0405,5/6/2018,1,Company A,Anna Weber,Texas,Item 4,159,5,795,Q2 2018
0406,5/6/2018,6,Company F,Laura Larsen,California,Item 4,159,8,1272,Q2 2018
0407,5/6/2018,16,Company P,Andrew James,Arizona,Item 3,69,7,483,Q2 2018
0408,5/6/2018,4,Company D,Ben Wallace,Texas,Item 5,289,6,1734,Q2 2018
0409,5/6/2018,16,Company P,Oscar Knox,Arizona,Item 2,199,3,597,Q2 2018
0410,5/6/2018,16,Company P,Andrew James,Arizona,Item 4,159,4,636,Q2 2018
0411,5/6/2018,8,Company H,Laura Larsen,California,Item 4,159,4,636,Q2 2018
0412,5/6/2018,13,Company M,Michael Fox,New Mexico,Item 3,69,7,483,Q2 2018
0413,5/6/2018,3,Company C,Ben Wallace,Texas,Item 2,199,1,199,Q2 2018
0414,5/7/2018,19,Company S,Oscar Knox,Arizona,Item 3,69,6,414,Q2 2018
0415,5/8/2018,17,Company Q,Andrew James,Arizona,Item 4,159,7,1113,Q2 2018
0416,5/8/2018,13,Company M,Michael Fox,New Mexico,Item 2,199,1,199,Q2 2018
0417,5/9/2018,2,Company B,Anna Weber,Texas,Item 1,399,1,399,Q2 2018
0418,5/10/2018,6,Company F,Laura Larsen,California,Item 4,159,9,1431,Q2 2018
0419,5/10/2018,14,Company N,Michael Fox,New Mexico,Item 2,199,3,597,Q2 2018
0420,5/11/2018,18,Company R,Andrew James,Arizona,Item 4,159,9,1431,Q2 2018
0421,5/11/2018,6,Company F,Laura Larsen,California,Item 4,159,4,636,Q2 2018
0422,5/12/2018,4,Company D,Ben Wallace,Texas,Item 4,159,9,1431,Q2 2018
0423,5/12/2018,5,Company E,Ben Wallace,Texas,Item 3,69,4,276,Q2 2018
0424,5/12/2018,1,Company A,Ben Wallace,Texas,Item 3,69,8,552,Q2 2018
0425,5/12/2018,1,Company A,Ben Wallace,Texas,Item 5,289,7,2023,Q2 2018
0426,5/12/2018,17,Company Q,Andrew James,Arizona,Item 2,199,8,1592,Q2 2018
0427,5/13/2018,5,Company E,Anna Weber,Texas,Item 2,199,6,1194,Q2 2018
0428,5/13/2018,13,Company M,Anne Lee,New Mexico,Item 3,69,3,207,Q2 2018
0429,5/14/2018,18,Company R,Andrew James,Arizona,Item 3,69,9,621,Q2 2018
0430,5/15/2018,16,Company P,Andrew James,Arizona,Item 5,289,7,2023,Q2 2018
0431,5/15/2018,4,Company D,Ben Wallace,Texas,Item 5,289,6,1734,Q2 2018
0432,5/15/2018,2,Company B,Anna Weber,Texas,Item 1,399,3,1197,Q2 2018
0433,5/15/2018,3,Company C,Anna Weber,Texas,Item 5,289,0,0,Q2 2018
0434,5/15/2018,9,Company I,Kim Fishman,California,Item 5,289,5,1445,Q2 2018
0435,5/15/2018,8,Company H,Laura Larsen,California,Item 5,289,5,1445,Q2 2018
0436,5/15/2018,17,Company Q,Andrew James,Arizona,Item 2,199,0,0,Q2 2018
0437,5/15/2018,2,Company B,Ben Wallace,Texas,Item 3,69,7,483,Q2 2018
0438,5/15/2018,2,Company B,Ben Wallace,Texas,Item 3,69,6,414,Q2 2018
0439,5/15/2018,16,Company P,Andrew James,Arizona,Item 4,159,1,159,Q2 2018
0440,5/15/2018,19,Company S,Andrew James,Arizona,Item 3,69,8,552,Q2 2018
0441,5/15/2018,18,Company R,Andrew James,Arizona,Item 2,199,6,1194,Q2 2018
0442,5/15/2018,1,Company A,Anna Weber,Texas,Item 1,399,1,399,Q2 2018
0443,5/15/2018,14,Company N,Michael Fox,New Mexico,Item 3,69,6,414,Q2 2018
0444,5/16/2018,17,Company Q,Andrew James,Arizona,Item 3,69,7,483,Q2 2018
0445,5/16/2018,9,Company I,Laura Larsen,California,Item 2,199,2,398,Q2 2018
0446,5/16/2018,18,Company R,Andrew James,Arizona,Item 3,69,7,483,Q2 2018
0447,5/16/2018,16,Company P,Andrew James,Arizona,Item 1,399,5,1995,Q2 2018
0448,5/16/2018,10,Company J,Kim Fishman,California,Item 4,159,1,159,Q2 2018
0449,5/16/2018,10,Company J,Kim Fishman,California,Item 5,289,6,1734,Q2 2018
0450,5/16/2018,5,Company E,Ben Wallace,Texas,Item 5,289,8,2312,Q2 2018
0451,5/16/2018,10,Company J,Kim Fishman,California,Item 3,69,7,483,Q2 2018
0452,5/16/2018,7,Company G,Laura Larsen,California,Item 3,69,3,207,Q2 2018
0453,5/16/2018,6,Company F,Laura Larsen,California,Item 1,399,3,1197,Q2 2018
0454,5/16/2018,13,Company M,Michael Fox,New Mexico,Item 4,159,8,1272,Q2 2018
0455,5/17/2018,14,Company N,Anne Lee,New Mexico,Item 3,69,9,621,Q2 2018
0456,5/17/2018,3,Company C,Anna Weber,Texas,Item 1,399,7,2793,Q2 2018
0457,5/17/2018,3,Company C,Anna Weber,Texas,Item 4,159,9,1431,Q2 2018
0458,5/17/2018,12,Company L,Anne Lee,New Mexico,Item 2,199,3,597,Q2 2018
0459,5/17/2018,5,Company E,Ben Wallace,Texas,Item 4,159,1,159,Q2 2018
0460,5/18/2018,11,Company K,Anne Lee,New Mexico,Item 4,159,4,636,Q2 2018
0461,5/18/2018,7,Company G,Laura Larsen,California,Item 1,399,0,0,Q2 2018
0462,5/18/2018,1,Company A,Anna Weber,Texas,Item 1,399,3,1197,Q2 2018
0463,5/19/2018,10,Company J,Kim Fishman,California,Item 1,399,9,3591,Q2 2018
0464,5/19/2018,4,Company D,Ben Wallace,Texas,Item 5,289,2,578,Q2 2018
0465,5/19/2018,11,Company K,Anne Lee,New Mexico,Item 4,159,9,1431,Q2 2018
0466,5/19/2018,2,Company B,Anna Weber,Texas,Item 4,159,3,477,Q2 2018
0467,5/19/2018,4,Company D,Anna Weber,Texas,Item 2,199,0,0,Q2 2018
0468,5/19/2018,18,Company R,Andrew James,Arizona,Item 4,159,9,1431,Q2 2018
0469,5/20/2018,2,Company B,Anna Weber,Texas,Item 5,289,1,289,Q2 2018
0470,5/20/2018,14,Company N,Michael Fox,New Mexico,Item 1,399,9,3591,Q2 2018
0471,5/21/2018,5,Company E,Ben Wallace,Texas,Item 5,289,4,1156,Q2 2018
0472,5/22/2018,5,Company E,Anna Weber,Texas,Item 1,399,3,1197,Q2 2018
0473,5/23/2018,13,Company M,Michael Fox,New Mexico,Item 5,289,8,2312,Q2 2018
0474,5/23/2018,18,Company R,Andrew James,Arizona,Item 1,399,3,1197,Q2 2018
0475,5/23/2018,13,Company M,Michael Fox,New Mexico,Item 2,199,2,398,Q2 2018
0476,5/23/2018,8,Company H,Kim Fishman,California,Item 4,159,3,477,Q2 2018
0477,5/23/2018,7,Company G,Kim Fishman,California,Item 5,289,5,1445,Q2 2018
0478,5/23/2018,6,Company F,Kim Fishman,California,Item 4,159,3,477,Q2 2018
0479,5/23/2018,7,Company G,Kim Fishman,California,Item 4,159,2,318,Q2 2018
0480,5/23/2018,18,Company R,Oscar Knox,Arizona,Item 3,69,9,621,Q2 2018
0481,5/24/2018,17,Company Q,Oscar Knox,Arizona,Item 5,289,3,867,Q2 2018
0482,5/24/2018,11,Company K,Michael Fox,New Mexico,Item 3,69,6,414,Q2 2018
0483,5/24/2018,16,Company P,Oscar Knox,Arizona,Item 3,69,6,414,Q2 2018
0484,5/24/2018,4,Company D,Ben Wallace,Texas,Item 2,199,4,796,Q2 2018
0485,5/25/2018,16,Company P,Oscar Knox,Arizona,Item 2,199,7,1393,Q2 2018
0486,5/25/2018,8,Company H,Kim Fishman,California,Item 4,159,4,636,Q2 2018
0487,5/25/2018,4,Company D,Ben Wallace,Texas,Item 5,289,4,1156,Q2 2018
0488,5/25/2018,20,Company T,Oscar Knox,Arizona,Item 4,159,2,318,Q2 2018
0489,5/25/2018,13,Company M,Michael Fox,New Mexico,Item 4,159,7,1113,Q2 2018
0490,5/25/2018,13,Company M,Michael Fox,New Mexico,Item 4,159,4,636,Q2 2018
0491,5/25/2018,17,Company Q,Andrew James,Arizona,Item 3,69,3,207,Q2 2018
0492,5/25/2018,3,Company C,Anna Weber,Texas,Item 5,289,6,1734,Q2 2018
0493,5/26/2018,9,Company I,Laura Larsen,California,Item 1,399,2,798,Q2 2018
0494,5/26/2018,16,Company P,Andrew James,Arizona,Item 4,159,9,1431,Q2 2018
0495,5/26/2018,13,Company M,Michael Fox,New Mexico,Item 2,199,5,995,Q2 2018
0496,5/26/2018,9,Company I,Kim Fishman,California,Item 5,289,6,1734,Q2 2018
0497,5/26/2018,4,Company D,Ben Wallace,Texas,Item 5,289,1,289,Q2 2018
0498,5/26/2018,8,Company H,Laura Larsen,California,Item 3,69,8,552,Q2 2018
0499,5/26/2018,18,Company R,Oscar Knox,Arizona,Item 2,199,8,1592,Q2 2018
0500,5/26/2018,4,Company D,Anna Weber,Texas,Item 5,289,6,1734,Q2 2018
0501,5/27/2018,2,Company B,Anna Weber,Texas,Item 2,199,5,995,Q2 2018
0502,5/27/2018,2,Company B,Anna Weber,Texas,Item 2,199,0,0,Q2 2018
0503,5/27/2018,10,Company J,Laura Larsen,California,Item 5,289,8,2312,Q2 2018
0504,5/28/2018,9,Company I,Kim Fishman,California,Item 2,199,6,1194,Q2 2018
0505,5/29/2018,12,Company L,Anne Lee,New Mexico,Item 2,199,2,398,Q2 2018
0506,5/29/2018,17,Company Q,Oscar Knox,Arizona,Item 3,69,4,276,Q2 2018
0507,5/29/2018,2,Company B,Ben Wallace,Texas,Item 1,399,9,3591,Q2 2018
0508,5/29/2018,19,Company S,Andrew James,Arizona,Item 1,399,6,2394,Q2 2018
0509,5/30/2018,19,Company S,Oscar Knox,Arizona,Item 4,159,8,1272,Q2 2018
0510,5/30/2018,2,Company B,Anna Weber,Texas,Item 3,69,5,345,Q2 2018
0511,5/30/2018,19,Company S,Oscar Knox,Arizona,Item 5,289,9,2601,Q2 2018
0512,5/30/2018,2,Company B,Ben Wallace,Texas,Item 3,69,9,621,Q2 2018
0513,5/31/2018,14,Company N,Anne Lee,New Mexico,Item 3,69,3,207,Q2 2018
0514,6/1/2018,14,Company N,Michael Fox,New Mexico,Item 3,69,0,0,Q2 2018
0515,6/1/2018,8,Company H,Laura Larsen,California,Item 5,289,4,1156,Q2 2018
0516,6/1/2018,4,Company D,Ben Wallace,Texas,Item 5,289,3,867,Q2 2018
0517,6/2/2018,19,Company S,Oscar Knox,Arizona,Item 5,289,4,1156,Q2 2018
0518,6/2/2018,9,Company I,Kim Fishman,California,Item 2,199,7,1393,Q2 2018
0519,6/3/2018,5,Company E,Ben Wallace,Texas,Item 2,199,9,1791,Q2 2018
0520,6/3/2018,18,Company R,Oscar Knox,Arizona,Item 1,399,7,2793,Q2 2018
0521,6/3/2018,5,Company E,Ben Wallace,Texas,Item 5,289,3,867,Q2 2018
0522,6/3/2018,12,Company L,Anne Lee,New Mexico,Item 2,199,9,1791,Q2 2018
0523,6/3/2018,18,Company R,Oscar Knox,Arizona,Item 5,289,7,2023,Q2 2018
0524,6/3/2018,4,Company D,Anna Weber,Texas,Item 3,69,9,621,Q2 2018
0525,6/3/2018,7,Company G,Kim Fishman,California,Item 4,159,3,477,Q2 2018
0526,6/3/2018,20,Company T,Andrew James,Arizona,Item 5,289,7,2023,Q2 2018
0527,6/3/2018,1,Company A,Ben Wallace,Texas,Item 5,289,7,2023,Q2 2018
0528,6/3/2018,4,Company D,Anna Weber,Texas,Item 5,289,9,2601,Q2 2018
0529,6/3/2018,13,Company M,Anne Lee,New Mexico,Item 2,199,8,1592,Q2 2018
0530,6/3/2018,16,Company P,Andrew James,Arizona,Item 1,399,7,2793,Q2 2018
0531,6/4/2018,8,Company H,Kim Fishman,California,Item 2,199,3,597,Q2 2018
0532,6/4/2018,11,Company K,Anne Lee,New Mexico,Item 1,399,8,3192,Q2 2018
0533,6/5/2018,8,Company H,Laura Larsen,California,Item 2,199,5,995,Q2 2018
0534,6/5/2018,7,Company G,Laura Larsen,California,Item 4,159,9,1431,Q2 2018
0535,6/5/2018,19,Company S,Oscar Knox,Arizona,Item 2,199,2,398,Q2 2018
0536,6/5/2018,17,Company Q,Andrew James,Arizona,Item 3,69,0,0,Q2 2018
0537,6/6/2018,9,Company I,Laura Larsen,California,Item 2,199,1,199,Q2 2018
0538,6/6/2018,8,Company H,Laura Larsen,California,Item 2,199,2,398,Q2 2018
0539,6/7/2018,19,Company S,Oscar Knox,Arizona,Item 2,199,0,0,Q2 2018
0540,6/8/2018,9,Company I,Laura Larsen,California,Item 4,159,3,477,Q2 2018
0541,6/8/2018,9,Company I,Laura Larsen,California,Item 5,289,9,2601,Q2 2018
0542,6/8/2018,9,Company I,Laura Larsen,California,Item 1,399,5,1995,Q2 2018
0543,6/8/2018,20,Company T,Andrew James,Arizona,Item 4,159,5,795,Q2 2018
0544,6/9/2018,9,Company I,Laura Larsen,California,Item 5,289,6,1734,Q2 2018
0545,6/9/2018,14,Company N,Anne Lee,New Mexico,Item 1,399,0,0,Q2 2018
0546,6/10/2018,4,Company D,Ben Wallace,Texas,Item 2,199,5,995,Q2 2018
0547,6/11/2018,6,Company F,Kim Fishman,California,Item 3,69,7,483,Q2 2018
0548,6/11/2018,2,Company B,Ben Wallace,Texas,Item 2,199,7,1393,Q2 2018
0549,6/11/2018,17,Company Q,Oscar Knox,Arizona,Item 2,199,2,398,Q2 2018
0550,6/11/2018,18,Company R,Oscar Knox,Arizona,Item 4,159,0,0,Q2 2018
0551,6/11/2018,5,Company E,Anna Weber,Texas,Item 3,69,5,345,Q2 2018
0552,6/11/2018,2,Company B,Ben Wallace,Texas,Item 5,289,5,1445,Q2 2018
0553,6/11/2018,11,Company K,Michael Fox,New Mexico,Item 1,399,0,0,Q2 2018
0554,6/12/2018,19,Company S,Oscar Knox,Arizona,Item 2,199,4,796,Q2 2018
0555,6/12/2018,6,Company F,Kim Fishman,California,Item 2,199,9,1791,Q2 2018
0556,6/12/2018,10,Company J,Laura Larsen,California,Item 1,399,0,0,Q2 2018
0557,6/12/2018,5,Company E,Ben Wallace,Texas,Item 4,159,1,159,Q2 2018
0558,6/13/2018,14,Company N,Anne Lee,New Mexico,Item 1,399,9,3591,Q2 2018
0559,6/13/2018,2,Company B,Ben Wallace,Texas,Item 5,289,2,578,Q2 2018
0560,6/13/2018,15,Company O,Anne Lee,New Mexico,Item 5,289,5,1445,Q2 2018
0561,6/14/2018,13,Company M,Michael Fox,New Mexico,Item 5,289,3,867,Q2 2018
0562,6/15/2018,17,Company Q,Andrew James,Arizona,Item 5,289,6,1734,Q2 2018
0563,6/16/2018,13,Company M,Michael Fox,New Mexico,Item 1,399,0,0,Q2 2018
0564,6/16/2018,15,Company O,Michael Fox,New Mexico,Item 1,399,6,2394,Q2 2018
0565,6/16/2018,1,Company A,Anna Weber,Texas,Item 2,199,0,0,Q2 2018
0566,6/16/2018,10,Company J,Kim Fishman,California,Item 4,159,8,1272,Q2 2018
0567,6/16/2018,1,Company A,Ben Wallace,Texas,Item 4,159,8,1272,Q2 2018
0568,6/16/2018,14,Company N,Anne Lee,New Mexico,Item 1,399,0,0,Q2 2018
0569,6/17/2018,18,Company R,Oscar Knox,Arizona,Item 4,159,7,1113,Q2 2018
0570,6/18/2018,3,Company C,Ben Wallace,Texas,Item 5,289,3,867,Q2 2018
0571,6/18/2018,3,Company C,Ben Wallace,Texas,Item 5,289,1,289,Q2 2018
0572,6/18/2018,11,Company K,Anne Lee,New Mexico,Item 4,159,4,636,Q2 2018
0573,6/19/2018,20,Company T,Oscar Knox,Arizona,Item 1,399,5,1995,Q2 2018
0574,6/20/2018,5,Company E,Anna Weber,Texas,Item 4,159,3,477,Q2 2018
0575,6/20/2018,18,Company R,Andrew James,Arizona,Item 3,69,1,69,Q2 2018
0576,6/20/2018,4,Company D,Ben Wallace,Texas,Item 3,69,3,207,Q2 2018
0577,6/20/2018,12,Company L,Michael Fox,New Mexico,Item 4,159,6,954,Q2 2018
0578,6/21/2018,14,Company N,Michael Fox,New Mexico,Item 1,399,9,3591,Q2 2018
0579,6/22/2018,7,Company G,Kim Fishman,California,Item 1,399,0,0,Q2 2018
0580,6/22/2018,15,Company O,Anne Lee,New Mexico,Item 4,159,6,954,Q2 2018
0581,6/22/2018,15,Company O,Michael Fox,New Mexico,Item 4,159,8,1272,Q2 2018
0582,6/22/2018,15,Company O,Anne Lee,New Mexico,Item 1,399,4,1596,Q2 2018
0583,6/22/2018,10,Company J,Laura Larsen,California,Item 1,399,3,1197,Q2 2018
0584,6/22/2018,18,Company R,Andrew James,Arizona,Item 3,69,0,0,Q2 2018
0585,6/22/2018,5,Company E,Anna Weber,Texas,Item 2,199,1,199,Q2 2018
0586,6/22/2018,4,Company D,Anna Weber,Texas,Item 5,289,5,1445,Q2 2018
0587,6/22/2018,20,Company T,Andrew James,Arizona,Item 3,69,3,207,Q2 2018
0588,6/23/2018,17,Company Q,Oscar Knox,Arizona,Item 3,69,1,69,Q2 2018
0589,6/24/2018,5,Company E,Anna Weber,Texas,Item 1,399,3,1197,Q2 2018
0590,6/24/2018,18,Company R,Andrew James,Arizona,Item 4,159,5,795,Q2 2018
0591,6/25/2018,4,Company D,Ben Wallace,Texas,Item 5,289,3,867,Q2 2018
0592,6/26/2018,6,Company F,Laura Larsen,California,Item 5,289,9,2601,Q2 2018
0593,6/26/2018,17,Company Q,Oscar Knox,Arizona,Item 3,69,9,621,Q2 2018
0594,6/26/2018,2,Company B,Ben Wallace,Texas,Item 5,289,1,289,Q2 2018
0595,6/26/2018,10,Company J,Laura Larsen,California,Item 2,199,6,1194,Q2 2018
0596,6/26/2018,11,Company K,Anne Lee,New Mexico,Item 1,399,9,3591,Q2 2018
0597,6/27/2018,4,Company D,Anna Weber,Texas,Item 3,69,8,552,Q2 2018
0598,6/28/2018,10,Company J,Kim Fishman,California,Item 1,399,9,3591,Q2 2018
0599,6/28/2018,2,Company B,Anna Weber,Texas,Item 4,159,5,795,Q2 2018
0600,6/28/2018,5,Company E,Anna Weber,Texas,Item 5,289,0,0,Q2 2018
0601,6/28/2018,10,Company J,Laura Larsen,California,Item 3,69,3,207,Q2 2018
0602,6/28/2018,12,Company L,Anne Lee,New Mexico,Item 2,199,3,597,Q2 2018
0603,6/28/2018,11,Company K,Michael Fox,New Mexico,Item 5,289,7,2023,Q2 2018
0604,6/28/2018,1,Company A,Ben Wallace,Texas,Item 5,289,8,2312,Q2 2018
0605,6/29/2018,15,Company O,Anne Lee,New Mexico,Item 4,159,5,795,Q2 2018
0606,6/30/2018,12,Company L,Michael Fox,New Mexico,Item 5,289,3,867,Q2 2018
0607,6/30/2018,20,Company T,Oscar Knox,Arizona,Item 1,399,7,2793,Q2 2018
0608,6/30/2018,12,Company L,Michael Fox,New Mexico,Item 3,69,4,276,Q2 2018
0609,6/30/2018,19,Company S,Oscar Knox,Arizona,Item 3,69,4,276,Q2 2018
0610,7/1/2018,12,Company L,Anne Lee,New Mexico,Item 3,69,8,552,Q3 2018
0611,7/1/2018,10,Company J,Laura Larsen,California,Item 5,289,9,2601,Q3 2018
0612,7/1/2018,17,Company Q,Oscar Knox,Arizona,Item 5,289,9,2601,Q3 2018
0613,7/2/2018,15,Company O,Anne Lee,New Mexico,Item 3,69,2,138,Q3 2018
0614,7/3/2018,20,Company T,Andrew James,Arizona,Item 5,289,0,0,Q3 2018
0615,7/4/2018,10,Company J,Kim Fishman,California,Item 4,159,2,318,Q3 2018
0616,7/5/2018,11,Company K,Anne Lee,New Mexico,Item 3,69,7,483,Q3 2018
0617,7/6/2018,19,Company S,Andrew James,Arizona,Item 2,199,8,1592,Q3 2018
0618,7/6/2018,19,Company S,Andrew James,Arizona,Item 1,399,0,0,Q3 2018
0619,7/7/2018,17,Company Q,Andrew James,Arizona,Item 5,289,6,1734,Q3 2018
0620,7/7/2018,20,Company T,Andrew James,Arizona,Item 4,159,9,1431,Q3 2018
0621,7/7/2018,10,Company J,Laura Larsen,California,Item 4,159,7,1113,Q3 2018
0622,7/7/2018,13,Company M,Anne Lee,New Mexico,Item 4,159,9,1431,Q3 2018
0623,7/7/2018,14,Company N,Anne Lee,New Mexico,Item 2,199,0,0,Q3 2018
0624,7/8/2018,3,Company C,Ben Wallace,Texas,Item 2,199,4,796,Q3 2018
0625,7/8/2018,17,Company Q,Oscar Knox,Arizona,Item 1,399,8,3192,Q3 2018
0626,7/8/2018,1,Company A,Anna Weber,Texas,Item 5,289,0,0,Q3 2018
0627,7/8/2018,18,Company R,Oscar Knox,Arizona,Item 3,69,4,276,Q3 2018
0628,7/8/2018,14,Company N,Michael Fox,New Mexico,Item 1,399,5,1995,Q3 2018
0629,7/8/2018,2,Company B,Ben Wallace,Texas,Item 3,69,6,414,Q3 2018
0630,7/9/2018,10,Company J,Kim Fishman,California,Item 4,159,3,477,Q3 2018
0631,7/10/2018,13,Company M,Michael Fox,New Mexico,Item 2,199,4,796,Q3 2018
0632,7/10/2018,17,Company Q,Oscar Knox,Arizona,Item 3,69,3,207,Q3 2018
0633,7/11/2018,20,Company T,Oscar Knox,Arizona,Item 4,159,3,477,Q3 2018
0634,7/11/2018,5,Company E,Anna Weber,Texas,Item 1,399,0,0,Q3 2018
0635,7/11/2018,3,Company C,Anna Weber,Texas,Item 4,159,5,795,Q3 2018
0636,7/12/2018,16,Company P,Oscar Knox,Arizona,Item 3,69,5,345,Q3 2018
0637,7/13/2018,17,Company Q,Oscar Knox,Arizona,Item 4,159,6,954,Q3 2018
0638,7/13/2018,11,Company K,Michael Fox,New Mexico,Item 4,159,5,795,Q3 2018
0639,7/13/2018,16,Company P,Oscar Knox,Arizona,Item 1,399,3,1197,Q3 2018
0640,7/14/2018,20,Company T,Andrew James,Arizona,Item 5,289,4,1156,Q3 2018
0641,7/14/2018,10,Company J,Laura Larsen,California,Item 1,399,7,2793,Q3 2018
0642,7/15/2018,10,Company J,Laura Larsen,California,Item 1,399,9,3591,Q3 2018
0643,7/15/2018,13,Company M,Michael Fox,New Mexico,Item 1,399,8,3192,Q3 2018
0644,7/16/2018,6,Company F,Laura Larsen,California,Item 2,199,6,1194,Q3 2018
0645,7/16/2018,1,Company A,Anna Weber,Texas,Item 3,69,9,621,Q3 2018
0646,7/16/2018,14,Company N,Michael Fox,New Mexico,Item 2,199,0,0,Q3 2018
0647,7/16/2018,13,Company M,Michael Fox,New Mexico,Item 5,289,3,867,Q3 2018
0648,7/16/2018,8,Company H,Kim Fishman,California,Item 2,199,1,199,Q3 2018
0649,7/17/2018,8,Company H,Laura Larsen,California,Item 1,399,5,1995,Q3 2018
0650,7/17/2018,13,Company M,Anne Lee,New Mexico,Item 5,289,3,867,Q3 2018
0651,7/17/2018,17,Company Q,Andrew James,Arizona,Item 4,159,2,318,Q3 2018
0652,7/17/2018,15,Company O,Anne Lee,New Mexico,Item 4,159,3,477,Q3 2018
0653,7/18/2018,5,Company E,Ben Wallace,Texas,Item 4,159,1,159,Q3 2018
0654,7/18/2018,1,Company A,Anna Weber,Texas,Item 3,69,0,0,Q3 2018
0655,7/18/2018,2,Company B,Anna Weber,Texas,Item 5,289,2,578,Q3 2018
0656,7/18/2018,12,Company L,Anne Lee,New Mexico,Item 4,159,5,795,Q3 2018
0657,7/18/2018,6,Company F,Laura Larsen,California,Item 3,69,3,207,Q3 2018
0658,7/18/2018,5,Company E,Anna Weber,Texas,Item 4,159,9,1431,Q3 2018
0659,7/19/2018,15,Company O,Anne Lee,New Mexico,Item 2,199,1,199,Q3 2018
0660,7/19/2018,1,Company A,Anna Weber,Texas,Item 5,289,4,1156,Q3 2018
0661,7/20/2018,16,Company P,Oscar Knox,Arizona,Item 4,159,3,477,Q3 2018
0662,7/20/2018,9,Company I,Laura Larsen,California,Item 3,69,2,138,Q3 2018
0663,7/20/2018,20,Company T,Oscar Knox,Arizona,Item 4,159,4,636,Q3 2018
0664,7/21/2018,14,Company N,Anne Lee,New Mexico,Item 1,399,5,1995,Q3 2018
0665,7/22/2018,1,Company A,Anna Weber,Texas,Item 1,399,8,3192,Q3 2018
0666,7/22/2018,13,Company M,Anne Lee,New Mexico,Item 3,69,0,0,Q3 2018
0667,7/23/2018,14,Company N,Anne Lee,New Mexico,Item 3,69,8,552,Q3 2018
0668,7/24/2018,10,Company J,Kim Fishman,California,Item 3,69,2,138,Q3 2018
0669,7/24/2018,9,Company I,Kim Fishman,California,Item 1,399,6,2394,Q3 2018
0670,7/24/2018,2,Company B,Anna Weber,Texas,Item 2,199,1,199,Q3 2018
0671,7/24/2018,13,Company M,Michael Fox,New Mexico,Item 1,399,1,399,Q3 2018
0672,7/25/2018,12,Company L,Michael Fox,New Mexico,Item 4,159,7,1113,Q3 2018
0673,7/25/2018,17,Company Q,Oscar Knox,Arizona,Item 4,159,8,1272,Q3 2018
0674,7/26/2018,18,Company R,Andrew James,Arizona,Item 5,289,8,2312,Q3 2018
0675,7/26/2018,13,Company M,Michael Fox,New Mexico,Item 4,159,4,636,Q3 2018
0676,7/26/2018,15,Company O,Michael Fox,New Mexico,Item 3,69,4,276,Q3 2018
0677,7/26/2018,15,Company O,Michael Fox,New Mexico,Item 4,159,9,1431,Q3 2018
0678,7/26/2018,18,Company R,Andrew James,Arizona,Item 3,69,6,414,Q3 2018
0679,7/26/2018,7,Company G,Kim Fishman,California,Item 4,159,6,954,Q3 2018
0680,7/26/2018,13,Company M,Michael Fox,New Mexico,Item 3,69,3,207,Q3 2018
0681,7/26/2018,3,Company C,Ben Wallace,Texas,Item 3,69,4,276,Q3 2018
0682,7/27/2018,18,Company R,Oscar Knox,Arizona,Item 5,289,3,867,Q3 2018
0683,7/27/2018,16,Company P,Andrew James,Arizona,Item 5,289,6,1734,Q3 2018
0684,7/27/2018,18,Company R,Oscar Knox,Arizona,Item 4,159,3,477,Q3 2018
0685,7/27/2018,11,Company K,Anne Lee,New Mexico,Item 2,199,4,796,Q3 2018
0686,7/27/2018,1,Company A,Ben Wallace,Texas,Item 3,69,1,69,Q3 2018
0687,7/27/2018,15,Company O,Anne Lee,New Mexico,Item 3,69,0,0,Q3 2018
0688,7/27/2018,19,Company S,Oscar Knox,Arizona,Item 2,199,5,995,Q3 2018
0689,7/27/2018,19,Company S,Andrew James,Arizona,Item 4,159,8,1272,Q3 2018
0690,7/27/2018,5,Company E,Anna Weber,Texas,Item 1,399,5,1995,Q3 2018
0691,7/27/2018,19,Company S,Oscar Knox,Arizona,Item 5,289,2,578,Q3 2018
0692,7/27/2018,7,Company G,Laura Larsen,California,Item 5,289,4,1156,Q3 2018
0693,7/27/2018,11,Company K,Michael Fox,New Mexico,Item 2,199,5,995,Q3 2018
0694,7/27/2018,8,Company H,Laura Larsen,California,Item 4,159,8,1272,Q3 2018
0695,7/28/2018,12,Company L,Anne Lee,New Mexico,Item 5,289,7,2023,Q3 2018
0696,7/29/2018,3,Company C,Ben Wallace,Texas,Item 2,199,8,1592,Q3 2018
0697,7/29/2018,5,Company E,Ben Wallace,Texas,Item 4,159,1,159,Q3 2018
0698,7/30/2018,8,Company H,Laura Larsen,California,Item 5,289,9,2601,Q3 2018
0699,7/31/2018,5,Company E,Ben Wallace,Texas,Item 2,199,3,597,Q3 2018
0700,8/1/2018,20,Company T,Andrew James,Arizona,Item 5,289,0,0,Q3 2018
0701,8/2/2018,15,Company O,Michael Fox,New Mexico,Item 5,289,2,578,Q3 2018
0702,8/3/2018,6,Company F,Laura Larsen,California,Item 2,199,3,597,Q3 2018
0703,8/3/2018,19,Company S,Andrew James,Arizona,Item 5,289,9,2601,Q3 2018
0704,8/3/2018,15,Company O,Michael Fox,New Mexico,Item 5,289,6,1734,Q3 2018
0705,8/3/2018,14,Company N,Michael Fox,New Mexico,Item 5,289,0,0,Q3 2018
0706,8/3/2018,7,Company G,Laura Larsen,California,Item 4,159,2,318,Q3 2018
0707,8/3/2018,10,Company J,Laura Larsen,California,Item 2,199,1,199,Q3 2018
0708,8/3/2018,1,Company A,Anna Weber,Texas,Item 5,289,4,1156,Q3 2018
0709,8/3/2018,1,Company A,Anna Weber,Texas,Item 4,159,9,1431,Q3 2018
0710,8/3/2018,13,Company M,Michael Fox,New Mexico,Item 5,289,8,2312,Q3 2018
0711,8/3/2018,19,Company S,Oscar Knox,Arizona,Item 2,199,1,199,Q3 2018
0712,8/4/2018,12,Company L,Michael Fox,New Mexico,Item 4,159,0,0,Q3 2018
0713,8/4/2018,19,Company S,Oscar Knox,Arizona,Item 4,159,8,1272,Q3 2018
0714,8/5/2018,4,Company D,Anna Weber,Texas,Item 5,289,6,1734,Q3 2018
0715,8/5/2018,13,Company M,Anne Lee,New Mexico,Item 4,159,5,795,Q3 2018
0716,8/5/2018,4,Company D,Anna Weber,Texas,Item 3,69,8,552,Q3 2018
0717,8/5/2018,12,Company L,Michael Fox,New Mexico,Item 2,199,2,398,Q3 2018
0718,8/6/2018,13,Company M,Anne Lee,New Mexico,Item 4,159,3,477,Q3 2018
0719,8/6/2018,2,Company B,Ben Wallace,Texas,Item 4,159,4,636,Q3 2018
0720,8/7/2018,9,Company I,Laura Larsen,California,Item 5,289,9,2601,Q3 2018
0721,8/7/2018,7,Company G,Laura Larsen,California,Item 4,159,5,795,Q3 2018
0722,8/7/2018,11,Company K,Anne Lee,New Mexico,Item 4,159,4,636,Q3 2018
0723,8/8/2018,8,Company H,Laura Larsen,California,Item 1,399,2,798,Q3 2018
0724,8/8/2018,7,Company G,Laura Larsen,California,Item 5,289,5,1445,Q3 2018
0725,8/8/2018,8,Company H,Kim Fishman,California,Item 5,289,2,578,Q3 2018
0726,8/8/2018,8,Company H,Laura Larsen,California,Item 5,289,1,289,Q3 2018
0727,8/8/2018,17,Company Q,Andrew James,Arizona,Item 3,69,3,207,Q3 2018
0728,8/9/2018,10,Company J,Kim Fishman,California,Item 5,289,7,2023,Q3 2018
0729,8/9/2018,6,Company F,Laura Larsen,California,Item 2,199,7,1393,Q3 2018
0730,8/10/2018,18,Company R,Andrew James,Arizona,Item 1,399,4,1596,Q3 2018
0731,8/10/2018,13,Company M,Michael Fox,New Mexico,Item 1,399,4,1596,Q3 2018
0732,8/10/2018,1,Company A,Ben Wallace,Texas,Item 5,289,6,1734,Q3 2018
0733,8/10/2018,17,Company Q,Andrew James,Arizona,Item 4,159,4,636,Q3 2018
0734,8/10/2018,3,Company C,Anna Weber,Texas,Item 5,289,2,578,Q3 2018
0735,8/11/2018,3,Company C,Ben Wallace,Texas,Item 1,399,0,0,Q3 2018
0736,8/11/2018,14,Company N,Michael Fox,New Mexico,Item 4,159,6,954,Q3 2018
0737,8/11/2018,12,Company L,Anne Lee,New Mexico,Item 4,159,5,795,Q3 2018
0738,8/12/2018,8,Company H,Kim Fishman,California,Item 1,399,7,2793,Q3 2018
0739,8/13/2018,1,Company A,Ben Wallace,Texas,Item 3,69,6,414,Q3 2018
0740,8/13/2018,19,Company S,Andrew James,Arizona,Item 2,199,4,796,Q3 2018
0741,8/14/2018,1,Company A,Ben Wallace,Texas,Item 5,289,7,2023,Q3 2018
0742,8/14/2018,18,Company R,Andrew James,Arizona,Item 5,289,0,0,Q3 2018
0743,8/15/2018,19,Company S,Oscar Knox,Arizona,Item 3,69,9,621,Q3 2018
0744,8/16/2018,12,Company L,Anne Lee,New Mexico,Item 3,69,5,345,Q3 2018
0745,8/16/2018,8,Company H,Kim Fishman,California,Item 1,399,0,0,Q3 2018
0746,8/17/2018,2,Company B,Ben Wallace,Texas,Item 4,159,8,1272,Q3 2018
0747,8/17/2018,6,Company F,Kim Fishman,California,Item 2,199,3,597,Q3 2018
0748,8/18/2018,8,Company H,Kim Fishman,California,Item 2,199,7,1393,Q3 2018
0749,8/18/2018,11,Company K,Anne Lee,New Mexico,Item 5,289,3,867,Q3 2018
0750,8/18/2018,20,Company T,Andrew James,Arizona,Item 4,159,9,1431,Q3 2018
0751,8/18/2018,10,Company J,Kim Fishman,California,Item 5,289,5,1445,Q3 2018
0752,8/19/2018,8,Company H,Laura Larsen,California,Item 1,399,1,399,Q3 2018
0753,8/19/2018,5,Company E,Anna Weber,Texas,Item 1,399,6,2394,Q3 2018
0754,8/20/2018,14,Company N,Anne Lee,New Mexico,Item 2,199,2,398,Q3 2018
0755,8/20/2018,20,Company T,Oscar Knox,Arizona,Item 2,199,6,1194,Q3 2018
0756,8/20/2018,17,Company Q,Oscar Knox,Arizona,Item 1,399,6,2394,Q3 2018
0757,8/20/2018,13,Company M,Anne Lee,New Mexico,Item 5,289,0,0,Q3 2018
0758,8/20/2018,10,Company J,Laura Larsen,California,Item 1,399,4,1596,Q3 2018
0759,8/20/2018,3,Company C,Ben Wallace,Texas,Item 5,289,1,289,Q3 2018
0760,8/21/2018,19,Company S,Andrew James,Arizona,Item 1,399,6,2394,Q3 2018
0761,8/21/2018,16,Company P,Andrew James,Arizona,Item 4,159,6,954,Q3 2018
0762,8/21/2018,16,Company P,Andrew James,Arizona,Item 5,289,2,578,Q3 2018
0763,8/21/2018,17,Company Q,Oscar Knox,Arizona,Item 3,69,8,552,Q3 2018
0764,8/22/2018,8,Company H,Laura Larsen,California,Item 1,399,2,798,Q3 2018
0765,8/22/2018,19,Company S,Andrew James,Arizona,Item 4,159,8,1272,Q3 2018
0766,8/22/2018,14,Company N,Anne Lee,New Mexico,Item 1,399,9,3591,Q3 2018
0767,8/23/2018,13,Company M,Michael Fox,New Mexico,Item 2,199,1,199,Q3 2018
0768,8/24/2018,15,Company O,Anne Lee,New Mexico,Item 4,159,1,159,Q3 2018
0769,8/25/2018,7,Company G,Kim Fishman,California,Item 1,399,6,2394,Q3 2018
0770,8/25/2018,11,Company K,Michael Fox,New Mexico,Item 1,399,0,0,Q3 2018
0771,8/26/2018,4,Company D,Anna Weber,Texas,Item 5,289,2,578,Q3 2018
0772,8/26/2018,6,Company F,Laura Larsen,California,Item 5,289,3,867,Q3 2018
0773,8/26/2018,20,Company T,Andrew James,Arizona,Item 3,69,0,0,Q3 2018
0774,8/26/2018,15,Company O,Michael Fox,New Mexico,Item 3,69,2,138,Q3 2018
0775,8/26/2018,13,Company M,Anne Lee,New Mexico,Item 1,399,1,399,Q3 2018
0776,8/27/2018,17,Company Q,Andrew James,Arizona,Item 1,399,2,798,Q3 2018
0777,8/27/2018,4,Company D,Ben Wallace,Texas,Item 1,399,3,1197,Q3 2018
0778,8/27/2018,2,Company B,Anna Weber,Texas,Item 5,289,5,1445,Q3 2018
0779,8/27/2018,14,Company N,Anne Lee,New Mexico,Item 5,289,6,1734,Q3 2018
0780,8/27/2018,7,Company G,Kim Fishman,California,Item 1,399,8,3192,Q3 2018
0781,8/28/2018,11,Company K,Anne Lee,New Mexico,Item 3,69,6,414,Q3 2018
0782,8/29/2018,1,Company A,Anna Weber,Texas,Item 4,159,9,1431,Q3 2018
0783,8/29/2018,8,Company H,Kim Fishman,California,Item 1,399,3,1197,Q3 2018
0784,8/29/2018,2,Company B,Anna Weber,Texas,Item 2,199,5,995,Q3 2018
0785,8/29/2018,5,Company E,Ben Wallace,Texas,Item 1,399,6,2394,Q3 2018
0786,8/29/2018,4,Company D,Ben Wallace,Texas,Item 5,289,6,1734,Q3 2018
0787,8/30/2018,14,Company N,Michael Fox,New Mexico,Item 3,69,1,69,Q3 2018
0788,8/30/2018,14,Company N,Anne Lee,New Mexico,Item 2,199,6,1194,Q3 2018
0789,8/30/2018,6,Company F,Laura Larsen,California,Item 4,159,8,1272,Q3 2018
0790,8/30/2018,13,Company M,Anne Lee,New Mexico,Item 4,159,8,1272,Q3 2018
0791,8/31/2018,18,Company R,Oscar Knox,Arizona,Item 1,399,3,1197,Q3 2018
0792,8/31/2018,16,Company P,Oscar Knox,Arizona,Item 4,159,9,1431,Q3 2018
0793,9/1/2018,10,Company J,Laura Larsen,California,Item 1,399,3,1197,Q3 2018
0794,9/1/2018,11,Company K,Michael Fox,New Mexico,Item 2,199,8,1592,Q3 2018
0795,9/1/2018,13,Company M,Anne Lee,New Mexico,Item 2,199,9,1791,Q3 2018
0796,9/1/2018,18,Company R,Andrew James,Arizona,Item 5,289,4,1156,Q3 2018
0797,9/2/2018,4,Company D,Ben Wallace,Texas,Item 3,69,2,138,Q3 2018
0798,9/2/2018,20,Company T,Andrew James,Arizona,Item 3,69,6,414,Q3 2018
0799,9/3/2018,16,Company P,Andrew James,Arizona,Item 1,399,5,1995,Q3 2018
0800,9/3/2018,3,Company C,Ben Wallace,Texas,Item 4,159,4,636,Q3 2018
0801,9/3/2018,10,Company J,Laura Larsen,California,Item 5,289,7,2023,Q3 2018
0802,9/3/2018,6,Company F,Laura Larsen,California,Item 1,399,8,3192,Q3 2018
0803,9/3/2018,17,Company Q,Andrew James,Arizona,Item 2,199,5,995,Q3 2018
0804,9/4/2018,16,Company P,Oscar Knox,Arizona,Item 3,69,1,69,Q3 2018
0805,9/5/2018,19,Company S,Andrew James,Arizona,Item 1,399,7,2793,Q3 2018
0806,9/5/2018,5,Company E,Anna Weber,Texas,Item 1,399,6,2394,Q3 2018
0807,9/5/2018,11,Company K,Michael Fox,New Mexico,Item 4,159,5,795,Q3 2018
0808,9/6/2018,13,Company M,Anne Lee,New Mexico,Item 3,69,5,345,Q3 2018
0809,9/6/2018,19,Company S,Oscar Knox,Arizona,Item 2,199,9,1791,Q3 2018
0810,9/6/2018,15,Company O,Michael Fox,New Mexico,Item 3,69,5,345,Q3 2018
0811,9/6/2018,14,Company N,Michael Fox,New Mexico,Item 3,69,9,621,Q3 2018
0812,9/7/2018,16,Company P,Andrew James,Arizona,Item 1,399,1,399,Q3 2018
0813,9/8/2018,16,Company P,Andrew James,Arizona,Item 4,159,8,1272,Q3 2018
0814,9/8/2018,16,Company P,Oscar Knox,Arizona,Item 4,159,4,636,Q3 2018
0815,9/8/2018,3,Company C,Anna Weber,Texas,Item 4,159,8,1272,Q3 2018
0816,9/8/2018,15,Company O,Anne Lee,New Mexico,Item 1,399,4,1596,Q3 2018
0817,9/8/2018,20,Company T,Oscar Knox,Arizona,Item 3,69,5,345,Q3 2018
0818,9/9/2018,13,Company M,Michael Fox,New Mexico,Item 1,399,3,1197,Q3 2018
0819,9/9/2018,6,Company F,Kim Fishman,California,Item 5,289,0,0,Q3 2018
0820,9/10/2018,11,Company K,Anne Lee,New Mexico,Item 4,159,4,636,Q3 2018
0821,9/10/2018,12,Company L,Michael Fox,New Mexico,Item 4,159,4,636,Q3 2018
0822,9/10/2018,19,Company S,Oscar Knox,Arizona,Item 1,399,4,1596,Q3 2018
0823,9/10/2018,11,Company K,Anne Lee,New Mexico,Item 3,69,8,552,Q3 2018
0824,9/10/2018,8,Company H,Kim Fishman,California,Item 5,289,0,0,Q3 2018
0825,9/11/2018,20,Company T,Andrew James,Arizona,Item 1,399,9,3591,Q3 2018
0826,9/11/2018,15,Company O,Anne Lee,New Mexico,Item 5,289,1,289,Q3 2018
0827,9/11/2018,1,Company A,Anna Weber,Texas,Item 4,159,3,477,Q3 2018
0828,9/12/2018,5,Company E,Anna Weber,Texas,Item 2,199,3,597,Q3 2018
0829,9/12/2018,14,Company N,Michael Fox,New Mexico,Item 3,69,4,276,Q3 2018
0830,9/13/2018,1,Company A,Anna Weber,Texas,Item 1,399,6,2394,Q3 2018
0831,9/14/2018,1,Company A,Anna Weber,Texas,Item 2,199,1,199,Q3 2018
0832,9/14/2018,3,Company C,Ben Wallace,Texas,Item 5,289,1,289,Q3 2018
0833,9/15/2018,16,Company P,Andrew James,Arizona,Item 1,399,9,3591,Q3 2018
0834,9/15/2018,6,Company F,Laura Larsen,California,Item 3,69,6,414,Q3 2018
0835,9/15/2018,19,Company S,Andrew James,Arizona,Item 1,399,2,798,Q3 2018
0836,9/16/2018,5,Company E,Anna Weber,Texas,Item 3,69,6,414,Q3 2018
0837,9/17/2018,3,Company C,Ben Wallace,Texas,Item 2,199,6,1194,Q3 2018
0838,9/18/2018,7,Company G,Laura Larsen,California,Item 1,399,3,1197,Q3 2018
0839,9/19/2018,20,Company T,Andrew James,Arizona,Item 5,289,4,1156,Q3 2018
0840,9/20/2018,6,Company F,Laura Larsen,California,Item 4,159,8,1272,Q3 2018
0841,9/20/2018,7,Company G,Kim Fishman,California,Item 5,289,2,578,Q3 2018
0842,9/20/2018,12,Company L,Anne Lee,New Mexico,Item 2,199,4,796,Q3 2018
0843,9/20/2018,4,Company D,Anna Weber,Texas,Item 2,199,7,1393,Q3 2018
0844,9/21/2018,11,Company K,Michael Fox,New Mexico,Item 5,289,6,1734,Q3 2018
0845,9/21/2018,8,Company H,Laura Larsen,California,Item 4,159,7,1113,Q3 2018
0846,9/22/2018,8,Company H,Laura Larsen,California,Item 2,199,8,1592,Q3 2018
0847,9/22/2018,5,Company E,Anna Weber,Texas,Item 4,159,0,0,Q3 2018
0848,9/22/2018,15,Company O,Michael Fox,New Mexico,Item 5,289,3,867,Q3 2018
0849,9/22/2018,4,Company D,Anna Weber,Texas,Item 2,199,8,1592,Q3 2018
0850,9/22/2018,10,Company J,Laura Larsen,California,Item 5,289,0,0,Q3 2018
0851,9/22/2018,17,Company Q,Oscar Knox,Arizona,Item 5,289,0,0,Q3 2018
0852,9/22/2018,6,Company F,Laura Larsen,California,Item 1,399,9,3591,Q3 2018
0853,9/22/2018,14,Company N,Anne Lee,New Mexico,Item 1,399,4,1596,Q3 2018
0854,9/22/2018,7,Company G,Kim Fishman,California,Item 2,199,5,995,Q3 2018
0855,9/22/2018,9,Company I,Kim Fishman,California,Item 5,289,7,2023,Q3 2018
0856,9/22/2018,19,Company S,Andrew James,Arizona,Item 4,159,3,477,Q3 2018
0857,9/23/2018,19,Company S,Oscar Knox,Arizona,Item 5,289,8,2312,Q3 2018
0858,9/24/2018,17,Company Q,Oscar Knox,Arizona,Item 3,69,5,345,Q3 2018
0859,9/24/2018,19,Company S,Andrew James,Arizona,Item 5,289,4,1156,Q3 2018
0860,9/24/2018,6,Company F,Laura Larsen,California,Item 2,199,8,1592,Q3 2018
0861,9/24/2018,14,Company N,Michael Fox,New Mexico,Item 1,399,2,798,Q3 2018
0862,9/25/2018,17,Company Q,Oscar Knox,Arizona,Item 3,69,8,552,Q3 2018
0863,9/25/2018,16,Company P,Oscar Knox,Arizona,Item 2,199,0,0,Q3 2018
0864,9/25/2018,3,Company C,Ben Wallace,Texas,Item 5,289,4,1156,Q3 2018
0865,9/26/2018,16,Company P,Oscar Knox,Arizona,Item 3,69,6,414,Q3 2018
0866,9/26/2018,19,Company S,Andrew James,Arizona,Item 3,69,2,138,Q3 2018
0867,9/27/2018,7,Company G,Laura Larsen,California,Item 2,199,6,1194,Q3 2018
0868,9/27/2018,9,Company I,Laura Larsen,California,Item 3,69,7,483,Q3 2018
0869,9/28/2018,14,Company N,Anne Lee,New Mexico,Item 1,399,3,1197,Q3 2018
0870,9/28/2018,3,Company C,Ben Wallace,Texas,Item 4,159,5,795,Q3 2018
0871,9/28/2018,9,Company I,Laura Larsen,California,Item 3,69,6,414,Q3 2018
0872,9/28/2018,1,Company A,Anna Weber,Texas,Item 4,159,5,795,Q3 2018
0873,9/29/2018,20,Company T,Oscar Knox,Arizona,Item 2,199,3,597,Q3 2018
0874,9/29/2018,3,Company C,Ben Wallace,Texas,Item 5,289,8,2312,Q3 2018
0875,9/29/2018,4,Company D,Ben Wallace,Texas,Item 3,69,6,414,Q3 2018
0876,9/29/2018,7,Company G,Laura Larsen,California,Item 5,289,0,0,Q3 2018
0877,9/30/2018,11,Company K,Michael Fox,New Mexico,Item 5,289,1,289,Q3 2018
0878,9/30/2018,15,Company O,Anne Lee,New Mexico,Item 4,159,0,0,Q3 2018
0879,9/30/2018,20,Company T,Andrew James,Arizona,Item 2,199,1,199,Q3 2018
0880,9/30/2018,6,Company F,Kim Fishman,California,Item 2,199,7,1393,Q3 2018
0881,10/1/2018,9,Company I,Kim Fishman,California,Item 1,399,7,2793,Q4 2018
0882,10/1/2018,7,Company G,Laura Larsen,California,Item 4,159,2,318,Q4 2018
0883,10/2/2018,3,Company C,Ben Wallace,Texas,Item 2,199,5,995,Q4 2018
0884,10/2/2018,14,Company N,Anne Lee,New Mexico,Item 5,289,9,2601,Q4 2018
0885,10/2/2018,15,Company O,Anne Lee,New Mexico,Item 4,159,8,1272,Q4 2018
0886,10/3/2018,20,Company T,Oscar Knox,Arizona,Item 4,159,1,159,Q4 2018
0887,10/4/2018,20,Company T,Andrew James,Arizona,Item 5,289,1,289,Q4 2018
0888,10/4/2018,15,Company O,Michael Fox,New Mexico,Item 2,199,3,597,Q4 2018
0889,10/5/2018,20,Company T,Oscar Knox,Arizona,Item 2,199,3,597,Q4 2018
0890,10/5/2018,9,Company I,Laura Larsen,California,Item 5,289,9,2601,Q4 2018
0891,10/5/2018,4,Company D,Anna Weber,Texas,Item 2,199,9,1791,Q4 2018
0892,10/5/2018,16,Company P,Andrew James,Arizona,Item 4,159,7,1113,Q4 2018
0893,10/5/2018,5,Company E,Ben Wallace,Texas,Item 3,69,3,207,Q4 2018
0894,10/6/2018,11,Company K,Anne Lee,New Mexico,Item 4,159,6,954,Q4 2018
0895,10/6/2018,9,Company I,Kim Fishman,California,Item 2,199,2,398,Q4 2018
0896,10/6/2018,6,Company F,Laura Larsen,California,Item 2,199,8,1592,Q4 2018
0897,10/6/2018,4,Company D,Anna Weber,Texas,Item 1,399,0,0,Q4 2018
0898,10/6/2018,17,Company Q,Andrew James,Arizona,Item 2,199,2,398,Q4 2018
0899,10/7/2018,1,Company A,Ben Wallace,Texas,Item 2,199,4,796,Q4 2018
0900,10/7/2018,4,Company D,Anna Weber,Texas,Item 4,159,5,795,Q4 2018
0901,10/8/2018,15,Company O,Michael Fox,New Mexico,Item 1,399,7,2793,Q4 2018
0902,10/9/2018,13,Company M,Michael Fox,New Mexico,Item 1,399,4,1596,Q4 2018
0903,10/10/2018,6,Company F,Kim Fishman,California,Item 5,289,3,867,Q4 2018
0904,10/10/2018,5,Company E,Anna Weber,Texas,Item 5,289,1,289,Q4 2018
0905,10/11/2018,13,Company M,Michael Fox,New Mexico,Item 5,289,7,2023,Q4 2018
0906,10/11/2018,19,Company S,Oscar Knox,Arizona,Item 2,199,5,995,Q4 2018
0907,10/12/2018,10,Company J,Kim Fishman,California,Item 2,199,1,199,Q4 2018
0908,10/12/2018,20,Company T,Oscar Knox,Arizona,Item 5,289,3,867,Q4 2018
0909,10/13/2018,7,Company G,Laura Larsen,California,Item 4,159,8,1272,Q4 2018
0910,10/13/2018,19,Company S,Oscar Knox,Arizona,Item 2,199,3,597,Q4 2018
0911,10/13/2018,18,Company R,Oscar Knox,Arizona,Item 3,69,9,621,Q4 2018
0912,10/13/2018,13,Company M,Michael Fox,New Mexico,Item 5,289,8,2312,Q4 2018
0913,10/13/2018,9,Company I,Laura Larsen,California,Item 2,199,5,995,Q4 2018
0914,10/13/2018,14,Company N,Michael Fox,New Mexico,Item 4,159,7,1113,Q4 2018
0915,10/14/2018,3,Company C,Anna Weber,Texas,Item 3,69,2,138,Q4 2018
0916,10/14/2018,10,Company J,Laura Larsen,California,Item 5,289,5,1445,Q4 2018
0917,10/15/2018,18,Company R,Andrew James,Arizona,Item 3,69,2,138,Q4 2018
0918,10/15/2018,18,Company R,Andrew James,Arizona,Item 4,159,5,795,Q4 2018
0919,10/15/2018,14,Company N,Anne Lee,New Mexico,Item 1,399,9,3591,Q4 2018
0920,10/15/2018,2,Company B,Ben Wallace,Texas,Item 2,199,3,597,Q4 2018
0921,10/16/2018,17,Company Q,Oscar Knox,Arizona,Item 1,399,6,2394,Q4 2018
0922,10/16/2018,1,Company A,Anna Weber,Texas,Item 5,289,7,2023,Q4 2018
0923,10/16/2018,15,Company O,Anne Lee,New Mexico,Item 4,159,3,477,Q4 2018
0924,10/16/2018,11,Company K,Michael Fox,New Mexico,Item 5,289,9,2601,Q4 2018
0925,10/16/2018,12,Company L,Michael Fox,New Mexico,Item 2,199,7,1393,Q4 2018
0926,10/17/2018,1,Company A,Ben Wallace,Texas,Item 2,199,0,0,Q4 2018
0927,10/17/2018,8,Company H,Laura Larsen,California,Item 2,199,8,1592,Q4 2018
0928,10/17/2018,20,Company T,Andrew James,Arizona,Item 4,159,8,1272,Q4 2018
0929,10/17/2018,14,Company N,Anne Lee,New Mexico,Item 4,159,5,795,Q4 2018
0930,10/17/2018,10,Company J,Laura Larsen,California,Item 2,199,3,597,Q4 2018
0931,10/18/2018,17,Company Q,Andrew James,Arizona,Item 1,399,0,0,Q4 2018
0932,10/19/2018,5,Company E,Ben Wallace,Texas,Item 2,199,6,1194,Q4 2018
0933,10/19/2018,10,Company J,Laura Larsen,California,Item 4,159,6,954,Q4 2018
0934,10/20/2018,17,Company Q,Andrew James,Arizona,Item 4,159,1,159,Q4 2018
0935,10/20/2018,18,Company R,Oscar Knox,Arizona,Item 5,289,5,1445,Q4 2018
0936,10/20/2018,2,Company B,Anna Weber,Texas,Item 3,69,8,552,Q4 2018
0937,10/21/2018,17,Company Q,Oscar Knox,Arizona,Item 3,69,5,345,Q4 2018
0938,10/22/2018,10,Company J,Kim Fishman,California,Item 1,399,0,0,Q4 2018
0939,10/22/2018,1,Company A,Ben Wallace,Texas,Item 5,289,7,2023,Q4 2018
0940,10/22/2018,5,Company E,Anna Weber,Texas,Item 2,199,5,995,Q4 2018
0941,10/22/2018,20,Company T,Oscar Knox,Arizona,Item 4,159,5,795,Q4 2018
0942,10/22/2018,1,Company A,Anna Weber,Texas,Item 1,399,8,3192,Q4 2018
0943,10/22/2018,6,Company F,Kim Fishman,California,Item 4,159,6,954,Q4 2018
0944,10/23/2018,4,Company D,Ben Wallace,Texas,Item 1,399,1,399,Q4 2018
0945,10/24/2018,17,Company Q,Andrew James,Arizona,Item 2,199,5,995,Q4 2018
0946,10/25/2018,1,Company A,Anna Weber,Texas,Item 2,199,1,199,Q4 2018
0947,10/25/2018,15,Company O,Michael Fox,New Mexico,Item 3,69,4,276,Q4 2018
0948,10/25/2018,9,Company I,Laura Larsen,California,Item 2,199,5,995,Q4 2018
0949,10/26/2018,6,Company F,Laura Larsen,California,Item 1,399,5,1995,Q4 2018
0950,10/26/2018,20,Company T,Oscar Knox,Arizona,Item 3,69,8,552,Q4 2018
0951,10/27/2018,17,Company Q,Andrew James,Arizona,Item 2,199,1,199,Q4 2018
0952,10/27/2018,6,Company F,Laura Larsen,California,Item 1,399,7,2793,Q4 2018
0953,10/27/2018,3,Company C,Ben Wallace,Texas,Item 2,199,1,199,Q4 2018
0954,10/27/2018,4,Company D,Anna Weber,Texas,Item 2,199,8,1592,Q4 2018
0955,10/28/2018,10,Company J,Kim Fishman,California,Item 2,199,0,0,Q4 2018
0956,10/29/2018,6,Company F,Kim Fishman,California,Item 4,159,4,636,Q4 2018
0957,10/29/2018,17,Company Q,Andrew James,Arizona,Item 5,289,9,2601,Q4 2018
0958,10/29/2018,9,Company I,Kim Fishman,California,Item 1,399,2,798,Q4 2018
0959,10/29/2018,2,Company B,Anna Weber,Texas,Item 3,69,6,414,Q4 2018
0960,10/29/2018,9,Company I,Kim Fishman,California,Item 3,69,6,414,Q4 2018
0961,10/29/2018,18,Company R,Andrew James,Arizona,Item 3,69,3,207,Q4 2018
0962,10/29/2018,9,Company I,Kim Fishman,California,Item 3,69,2,138,Q4 2018
0963,10/29/2018,14,Company N,Michael Fox,New Mexico,Item 4,159,1,159,Q4 2018
0964,10/29/2018,7,Company G,Kim Fishman,California,Item 1,399,2,798,Q4 2018
0965,10/29/2018,2,Company B,Ben Wallace,Texas,Item 2,199,7,1393,Q4 2018
0966,10/29/2018,18,Company R,Andrew James,Arizona,Item 4,159,7,1113,Q4 2018
0967,10/30/2018,14,Company N,Anne Lee,New Mexico,Item 1,399,1,399,Q4 2018
0968,10/30/2018,19,Company S,Oscar Knox,Arizona,Item 3,69,3,207,Q4 2018
0969,10/30/2018,7,Company G,Laura Larsen,California,Item 4,159,1,159,Q4 2018
0970,10/31/2018,7,Company G,Laura Larsen,California,Item 1,399,0,0,Q4 2018
0971,11/1/2018,14,Company N,Anne Lee,New Mexico,Item 2,199,0,0,Q4 2018
0972,11/2/2018,19,Company S,Oscar Knox,Arizona,Item 4,159,4,636,Q4 2018
0973,11/3/2018,13,Company M,Michael Fox,New Mexico,Item 1,399,0,0,Q4 2018
0974,11/4/2018,1,Company A,Anna Weber,Texas,Item 3,69,7,483,Q4 2018
0975,11/4/2018,13,Company M,Anne Lee,New Mexico,Item 4,159,2,318,Q4 2018
0976,11/4/2018,2,Company B,Ben Wallace,Texas,Item 3,69,1,69,Q4 2018
0977,11/5/2018,5,Company E,Ben Wallace,Texas,Item 2,199,9,1791,Q4 2018
0978,11/6/2018,20,Company T,Oscar Knox,Arizona,Item 4,159,0,0,Q4 2018
0979,11/7/2018,16,Company P,Oscar Knox,Arizona,Item 3,69,9,621,Q4 2018
0980,11/7/2018,9,Company I,Laura Larsen,California,Item 5,289,9,2601,Q4 2018
0981,11/7/2018,2,Company B,Anna Weber,Texas,Item 1,399,4,1596,Q4 2018
0982,11/8/2018,8,Company H,Laura Larsen,California,Item 2,199,1,199,Q4 2018
0983,11/8/2018,18,Company R,Andrew James,Arizona,Item 1,399,9,3591,Q4 2018
0984,11/8/2018,12,Company L,Michael Fox,New Mexico,Item 3,69,0,0,Q4 2018
0985,11/8/2018,10,Company J,Kim Fishman,California,Item 4,159,9,1431,Q4 2018
0986,11/8/2018,9,Company I,Laura Larsen,California,Item 4,159,7,1113,Q4 2018
0987,11/9/2018,8,Company H,Kim Fishman,California,Item 2,199,7,1393,Q4 2018
0988,11/9/2018,17,Company Q,Oscar Knox,Arizona,Item 2,199,2,398,Q4 2018
0989,11/9/2018,4,Company D,Anna Weber,Texas,Item 4,159,9,1431,Q4 2018
0990,11/9/2018,16,Company P,Andrew James,Arizona,Item 5,289,4,1156,Q4 2018
0991,11/9/2018,18,Company R,Oscar Knox,Arizona,Item 1,399,9,3591,Q4 2018
0992,11/10/2018,19,Company S,Andrew James,Arizona,Item 2,199,8,1592,Q4 2018
0993,11/10/2018,10,Company J,Laura Larsen,California,Item 1,399,6,2394,Q4 2018
0994,11/10/2018,5,Company E,Anna Weber,Texas,Item 4,159,4,636,Q4 2018
0995,11/11/2018,10,Company J,Kim Fishman,California,Item 3,69,1,69,Q4 2018
0996,11/11/2018,7,Company G,Kim Fishman,California,Item 2,199,0,0,Q4 2018
0997,11/11/2018,13,Company M,Anne Lee,New Mexico,Item 2,199,9,1791,Q4 2018
0998,11/12/2018,14,Company N,Anne Lee,New Mexico,Item 2,199,5,995,Q4 2018
0999,11/13/2018,2,Company B,Anna Weber,Texas,Item 2,199,3,597,Q4 2018
1000,11/14/2018,1,Company A,Ben Wallace,Texas,Item 2,199,7,1393,Q4 2018
1001,11/15/2018,15,Company O,Michael Fox,New Mexico,Item 5,289,7,2023,Q4 2018
1002,11/15/2018,2,Company B,Ben Wallace,Texas,Item 2,199,2,398,Q4 2018
1003,11/15/2018,10,Company J,Laura Larsen,California,Item 4,159,4,636,Q4 2018
1004,11/15/2018,17,Company Q,Oscar Knox,Arizona,Item 2,199,9,1791,Q4 2018
1005,11/15/2018,10,Company J,Kim Fishman,California,Item 2,199,1,199,Q4 2018
1006,11/15/2018,19,Company S,Oscar Knox,Arizona,Item 4,159,2,318,Q4 2018
1007,11/15/2018,6,Company F,Kim Fishman,California,Item 2,199,7,1393,Q4 2018
1008,11/16/2018,15,Company O,Michael Fox,New Mexico,Item 5,289,1,289,Q4 2018
1009,11/16/2018,8,Company H,Kim Fishman,California,Item 1,399,0,0,Q4 2018
1010,11/17/2018,1,Company A,Anna Weber,Texas,Item 2,199,2,398,Q4 2018
1011,11/17/2018,7,Company G,Laura Larsen,California,Item 5,289,0,0,Q4 2018
1012,11/17/2018,3,Company C,Ben Wallace,Texas,Item 5,289,4,1156,Q4 2018
1013,11/17/2018,9,Company I,Laura Larsen,California,Item 3,69,8,552,Q4 2018
1014,11/18/2018,2,Company B,Ben Wallace,Texas,Item 2,199,6,1194,Q4 2018
1015,11/19/2018,5,Company E,Anna Weber,Texas,Item 1,399,2,798,Q4 2018
1016,11/19/2018,6,Company F,Kim Fishman,California,Item 5,289,5,1445,Q4 2018
1017,11/19/2018,12,Company L,Michael Fox,New Mexico,Item 2,199,4,796,Q4 2018
1018,11/19/2018,5,Company E,Ben Wallace,Texas,Item 1,399,1,399,Q4 2018
1019,11/20/2018,5,Company E,Ben Wallace,Texas,Item 1,399,8,3192,Q4 2018
1020,11/21/2018,20,Company T,Andrew James,Arizona,Item 3,69,9,621,Q4 2018
1021,11/21/2018,16,Company P,Oscar Knox,Arizona,Item 1,399,3,1197,Q4 2018
1022,11/22/2018,1,Company A,Ben Wallace,Texas,Item 4,159,6,954,Q4 2018
1023,11/22/2018,5,Company E,Ben Wallace,Texas,Item 1,399,6,2394,Q4 2018
1024,11/22/2018,15,Company O,Anne Lee,New Mexico,Item 3,69,7,483,Q4 2018
1025,11/22/2018,2,Company B,Ben Wallace,Texas,Item 2,199,9,1791,Q4 2018
1026,11/22/2018,8,Company H,Kim Fishman,California,Item 4,159,6,954,Q4 2018
1027,11/22/2018,3,Company C,Ben Wallace,Texas,Item 3,69,5,345,Q4 2018
1028,11/22/2018,20,Company T,Oscar Knox,Arizona,Item 4,159,0,0,Q4 2018
1029,11/22/2018,8,Company H,Kim Fishman,California,Item 1,399,9,3591,Q4 2018
1030,11/22/2018,7,Company G,Kim Fishman,California,Item 1,399,5,1995,Q4 2018
1031,11/22/2018,10,Company J,Laura Larsen,California,Item 1,399,0,0,Q4 2018
1032,11/22/2018,13,Company M,Michael Fox,New Mexico,Item 2,199,7,1393,Q4 2018
1033,11/23/2018,15,Company O,Michael Fox,New Mexico,Item 3,69,7,483,Q4 2018
1034,11/23/2018,3,Company C,Anna Weber,Texas,Item 1,399,2,798,Q4 2018
1035,11/23/2018,4,Company D,Anna Weber,Texas,Item 1,399,6,2394,Q4 2018
1036,11/23/2018,13,Company M,Michael Fox,New Mexico,Item 1,399,9,3591,Q4 2018
1037,11/23/2018,12,Company L,Michael Fox,New Mexico,Item 5,289,6,1734,Q4 2018
1038,11/23/2018,17,Company Q,Andrew James,Arizona,Item 2,199,3,597,Q4 2018
1039,11/24/2018,13,Company M,Anne Lee,New Mexico,Item 5,289,1,289,Q4 2018
1040,11/24/2018,7,Company G,Laura Larsen,California,Item 2,199,5,995,Q4 2018
1041,11/24/2018,18,Company R,Andrew James,Arizona,Item 4,159,2,318,Q4 2018
1042,11/24/2018,14,Company N,Anne Lee,New Mexico,Item 5,289,2,578,Q4 2018
1043,11/24/2018,3,Company C,Ben Wallace,Texas,Item 3,69,4,276,Q4 2018
1044,11/24/2018,9,Company I,Laura Larsen,California,Item 1,399,1,399,Q4 2018
1045,11/24/2018,11,Company K,Anne Lee,New Mexico,Item 1,399,3,1197,Q4 2018
1046,11/25/2018,4,Company D,Ben Wallace,Texas,Item 1,399,5,1995,Q4 2018
1047,11/26/2018,6,Company F,Laura Larsen,California,Item 5,289,1,289,Q4 2018
1048,11/26/2018,13,Company M,Anne Lee,New Mexico,Item 5,289,7,2023,Q4 2018
1049,11/27/2018,2,Company B,Anna Weber,Texas,Item 1,399,8,3192,Q4 2018
1050,11/27/2018,4,Company D,Ben Wallace,Texas,Item 1,399,6,2394,Q4 2018
1051,11/27/2018,1,Company A,Ben Wallace,Texas,Item 3,69,9,621,Q4 2018
1052,11/28/2018,10,Company J,Kim Fishman,California,Item 3,69,7,483,Q4 2018
1053,11/28/2018,15,Company O,Anne Lee,New Mexico,Item 3,69,1,69,Q4 2018
1054,11/28/2018,6,Company F,Laura Larsen,California,Item 4,159,2,318,Q4 2018
1055,11/28/2018,11,Company K,Michael Fox,New Mexico,Item 5,289,8,2312,Q4 2018
1056,11/28/2018,4,Company D,Anna Weber,Texas,Item 5,289,7,2023,Q4 2018
1057,11/29/2018,8,Company H,Laura Larsen,California,Item 2,199,3,597,Q4 2018
1058,11/29/2018,9,Company I,Laura Larsen,California,Item 1,399,6,2394,Q4 2018
1059,11/29/2018,12,Company L,Anne Lee,New Mexico,Item 5,289,9,2601,Q4 2018
1060,11/30/2018,2,Company B,Anna Weber,Texas,Item 4,159,1,159,Q4 2018
1061,12/1/2018,8,Company H,Laura Larsen,California,Item 1,399,5,1995,Q4 2018
1062,12/1/2018,17,Company Q,Andrew James,Arizona,Item 5,289,0,0,Q4 2018
1063,12/2/2018,7,Company G,Laura Larsen,California,Item 1,399,3,1197,Q4 2018
1064,12/3/2018,1,Company A,Ben Wallace,Texas,Item 5,289,4,1156,Q4 2018
1065,12/3/2018,19,Company S,Oscar Knox,Arizona,Item 5,289,2,578,Q4 2018
1066,12/4/2018,2,Company B,Anna Weber,Texas,Item 3,69,7,483,Q4 2018
1067,12/4/2018,16,Company P,Andrew James,Arizona,Item 1,399,0,0,Q4 2018
1068,12/5/2018,5,Company E,Ben Wallace,Texas,Item 1,399,4,1596,Q4 2018
1069,12/6/2018,4,Company D,Anna Weber,Texas,Item 2,199,2,398,Q4 2018
1070,12/6/2018,14,Company N,Michael Fox,New Mexico,Item 2,199,3,597,Q4 2018
1071,12/6/2018,4,Company D,Anna Weber,Texas,Item 2,199,5,995,Q4 2018
1072,12/7/2018,4,Company D,Anna Weber,Texas,Item 3,69,7,483,Q4 2018
1073,12/7/2018,9,Company I,Kim Fishman,California,Item 5,289,7,2023,Q4 2018
1074,12/8/2018,10,Company J,Kim Fishman,California,Item 3,69,7,483,Q4 2018
1075,12/8/2018,4,Company D,Anna Weber,Texas,Item 3,69,5,345,Q4 2018
1076,12/9/2018,20,Company T,Oscar Knox,Arizona,Item 5,289,8,2312,Q4 2018
1077,12/10/2018,11,Company K,Michael Fox,New Mexico,Item 5,289,9,2601,Q4 2018
1078,12/11/2018,13,Company M,Michael Fox,New Mexico,Item 5,289,8,2312,Q4 2018
1079,12/11/2018,10,Company J,Kim Fishman,California,Item 3,69,6,414,Q4 2018
1080,12/11/2018,19,Company S,Oscar Knox,Arizona,Item 5,289,9,2601,Q4 2018
1081,12/12/2018,14,Company N,Michael Fox,New Mexico,Item 5,289,5,1445,Q4 2018
1082,12/13/2018,16,Company P,Oscar Knox,Arizona,Item 4,159,0,0,Q4 2018
1083,12/13/2018,13,Company M,Michael Fox,New Mexico,Item 5,289,5,1445,Q4 2018
1084,12/13/2018,2,Company B,Anna Weber,Texas,Item 2,199,4,796,Q4 2018
1085,12/13/2018,5,Company E,Ben Wallace,Texas,Item 2,199,9,1791,Q4 2018
1086,12/13/2018,11,Company K,Anne Lee,New Mexico,Item 3,69,1,69,Q4 2018
1087,12/13/2018,3,Company C,Anna Weber,Texas,Item 3,69,5,345,Q4 2018
1088,12/13/2018,11,Company K,Anne Lee,New Mexico,Item 4,159,3,477,Q4 2018
1089,12/13/2018,1,Company A,Anna Weber,Texas,Item 1,399,1,399,Q4 2018
1090,12/14/2018,18,Company R,Oscar Knox,Arizona,Item 5,289,9,2601,Q4 2018
1091,12/15/2018,15,Company O,Anne Lee,New Mexico,Item 5,289,9,2601,Q4 2018
1092,12/15/2018,8,Company H,Kim Fishman,California,Item 5,289,2,578,Q4 2018
1093,12/16/2018,18,Company R,Oscar Knox,Arizona,Item 4,159,4,636,Q4 2018
1094,12/16/2018,5,Company E,Ben Wallace,Texas,Item 3,69,1,69,Q4 2018
1095,12/16/2018,20,Company T,Andrew James,Arizona,Item 5,289,3,867,Q4 2018
1096,12/17/2018,12,Company L,Michael Fox,New Mexico,Item 1,399,5,1995,Q4 2018
1097,12/17/2018,1,Company A,Anna Weber,Texas,Item 3,69,6,414,Q4 2018
1098,12/18/2018,10,Company J,Kim Fishman,California,Item 2,199,3,597,Q4 2018
1099,12/18/2018,3,Company C,Anna Weber,Texas,Item 3,69,2,138,Q4 2018
1100,12/18/2018,8,Company H,Laura Larsen,California,Item 4,159,3,477,Q4 2018
1101,12/18/2018,8,Company H,Kim Fishman,California,Item 3,69,9,621,Q4 2018
1102,12/18/2018,12,Company L,Michael Fox,New Mexico,Item 1,399,3,1197,Q4 2018
1103,12/18/2018,5,Company E,Ben Wallace,Texas,Item 1,399,0,0,Q4 2018
1104,12/18/2018,12,Company L,Anne Lee,New Mexico,Item 2,199,2,398,Q4 2018
1105,12/18/2018,12,Company L,Michael Fox,New Mexico,Item 4,159,7,1113,Q4 2018
1106,12/18/2018,20,Company T,Oscar Knox,Arizona,Item 5,289,4,1156,Q4 2018
1107,12/18/2018,7,Company G,Laura Larsen,California,Item 2,199,9,1791,Q4 2018
1108,12/18/2018,14,Company N,Michael Fox,New Mexico,Item 1,399,5,1995,Q4 2018
1109,12/19/2018,11,Company K,Michael Fox,New Mexico,Item 4,159,2,318,Q4 2018
1110,12/19/2018,10,Company J,Laura Larsen,California,Item 4,159,9,1431,Q4 2018
1111,12/20/2018,4,Company D,Anna Weber,Texas,Item 1,399,8,3192,Q4 2018
1112,12/20/2018,10,Company J,Kim Fishman,California,Item 3,69,6,414,Q4 2018
1113,12/20/2018,19,Company S,Oscar Knox,Arizona,Item 3,69,7,483,Q4 2018
1114,12/20/2018,13,Company M,Michael Fox,New Mexico,Item 3,69,8,552,Q4 2018
1115,12/20/2018,20,Company T,Andrew James,Arizona,Item 2,199,1,199,Q4 2018
1116,12/20/2018,14,Company N,Michael Fox,New Mexico,Item 4,159,9,1431,Q4 2018
1117,12/20/2018,9,Company I,Kim Fishman,California,Item 5,289,5,1445,Q4 2018
1118,12/20/2018,18,Company R,Oscar Knox,Arizona,Item 1,399,7,2793,Q4 2018
1119,12/20/2018,10,Company J,Kim Fishman,California,Item 2,199,6,1194,Q4 2018
1120,12/21/2018,1,Company A,Ben Wallace,Texas,Item 4,159,8,1272,Q4 2018
1121,12/22/2018,14,Company N,Anne Lee,New Mexico,Item 1,399,7,2793,Q4 2018
1122,12/23/2018,6,Company F,Laura Larsen,California,Item 4,159,2,318,Q4 2018
1123,12/23/2018,9,Company I,Kim Fishman,California,Item 4,159,9,1431,Q4 2018
1124,12/23/2018,14,Company N,Michael Fox,New Mexico,Item 4,159,2,318,Q4 2018
1125,12/23/2018,19,Company S,Oscar Knox,Arizona,Item 3,69,5,345,Q4 2018
1126,12/23/2018,11,Company K,Michael Fox,New Mexico,Item 5,289,9,2601,Q4 2018
1127,12/23/2018,17,Company Q,Andrew James,Arizona,Item 2,199,9,1791,Q4 2018
1128,12/24/2018,9,Company I,Laura Larsen,California,Item 1,399,2,798,Q4 2018
1129,12/24/2018,13,Company M,Michael Fox,New Mexico,Item 4,159,2,318,Q4 2018
1130,12/25/2018,18,Company R,Andrew James,Arizona,Item 2,199,8,1592,Q4 2018
1131,12/25/2018,4,Company D,Ben Wallace,Texas,Item 3,69,7,483,Q4 2018
1132,12/25/2018,17,Company Q,Oscar Knox,Arizona,Item 2,199,3,597,Q4 2018
1133,12/25/2018,8,Company H,Laura Larsen,California,Item 3,69,2,138,Q4 2018
1134,12/25/2018,12,Company L,Anne Lee,New Mexico,Item 4,159,5,795,Q4 2018
1135,12/25/2018,5,Company E,Anna Weber,Texas,Item 5,289,4,1156,Q4 2018
1136,12/25/2018,16,Company P,Oscar Knox,Arizona,Item 4,159,4,636,Q4 2018
1137,12/25/2018,3,Company C,Ben Wallace,Texas,Item 5,289,6,1734,Q4 2018
1138,12/25/2018,14,Company N,Michael Fox,New Mexico,Item 4,159,0,0,Q4 2018
1139,12/26/2018,11,Company K,Michael Fox,New Mexico,Item 5,289,2,578,Q4 2018
1140,12/27/2018,6,Company F,Laura Larsen,California,Item 4,159,1,159,Q4 2018
1141,12/27/2018,15,Company O,Michael Fox,New Mexico,Item 4,159,0,0,Q4 2018
1142,12/27/2018,16,Company P,Oscar Knox,Arizona,Item 1,399,8,3192,Q4 2018
1143,12/28/2018,17,Company Q,Oscar Knox,Arizona,Item 3,69,6,414,Q4 2018
1144,12/29/2018,11,Company K,Michael Fox,New Mexico,Item 1,399,2,798,Q4 2018
1145,12/30/2018,12,Company L,Michael Fox,New Mexico,Item 1,399,8,3192,Q4 2018
1146,12/31/2018,4,Company D,Anna Weber,Texas,Item 2,199,8,1592,Q4 2018
1147,1/1/2019,20,Company T,Andrew James,Arizona,Item 1,399,4,1596,Q1 2019
1148,1/2/2019,19,Company S,Andrew James,Arizona,Item 2,199,0,0,Q1 2019
1149,1/2/2019,10,Company J,Kim Fishman,California,Item 4,159,7,1113,Q1 2019
1150,1/2/2019,5,Company E,Ben Wallace,Texas,Item 4,159,0,0,Q1 2019
1151,1/3/2019,1,Company A,Ben Wallace,Texas,Item 5,289,4,1156,Q1 2019
1152,1/3/2019,1,Company A,Ben Wallace,Texas,Item 3,69,7,483,Q1 2019
1153,1/4/2019,20,Company T,Andrew James,Arizona,Item 4,159,2,318,Q1 2019
1154,1/5/2019,4,Company D,Ben Wallace,Texas,Item 3,69,1,69,Q1 2019
1155,1/5/2019,12,Company L,Michael Fox,New Mexico,Item 3,69,5,345,Q1 2019
1156,1/5/2019,15,Company O,Anne Lee,New Mexico,Item 5,289,0,0,Q1 2019
1157,1/5/2019,17,Company Q,Oscar Knox,Arizona,Item 3,69,6,414,Q1 2019
1158,1/5/2019,17,Company Q,Oscar Knox,Arizona,Item 2,199,6,1194,Q1 2019
1159,1/6/2019,7,Company G,Laura Larsen,California,Item 4,159,1,159,Q1 2019
1160,1/6/2019,20,Company T,Andrew James,Arizona,Item 2,199,0,0,Q1 2019
1161,1/6/2019,10,Company J,Laura Larsen,California,Item 5,289,3,867,Q1 2019
1162,1/6/2019,15,Company O,Anne Lee,New Mexico,Item 2,199,7,1393,Q1 2019
1163,1/7/2019,17,Company Q,Andrew James,Arizona,Item 2,199,0,0,Q1 2019
1164,1/7/2019,7,Company G,Kim Fishman,California,Item 3,69,6,414,Q1 2019
1165,1/7/2019,6,Company F,Kim Fishman,California,Item 2,199,1,199,Q1 2019
1166,1/7/2019,13,Company M,Anne Lee,New Mexico,Item 5,289,9,2601,Q1 2019
1167,1/8/2019,13,Company M,Anne Lee,New Mexico,Item 3,69,9,621,Q1 2019
1168,1/8/2019,3,Company C,Ben Wallace,Texas,Item 4,159,6,954,Q1 2019
1169,1/8/2019,13,Company M,Anne Lee,New Mexico,Item 3,69,6,414,Q1 2019
1170,1/9/2019,3,Company C,Ben Wallace,Texas,Item 4,159,0,0,Q1 2019
1171,1/10/2019,14,Company N,Michael Fox,New Mexico,Item 2,199,7,1393,Q1 2019
1172,1/10/2019,11,Company K,Anne Lee,New Mexico,Item 4,159,4,636,Q1 2019
1173,1/10/2019,6,Company F,Laura Larsen,California,Item 2,199,2,398,Q1 2019
1174,1/11/2019,11,Company K,Michael Fox,New Mexico,Item 2,199,6,1194,Q1 2019
1175,1/12/2019,16,Company P,Andrew James,Arizona,Item 3,69,1,69,Q1 2019
1176,1/12/2019,8,Company H,Kim Fishman,California,Item 3,69,1,69,Q1 2019
1177,1/12/2019,5,Company E,Ben Wallace,Texas,Item 2,199,9,1791,Q1 2019
1178,1/12/2019,19,Company S,Oscar Knox,Arizona,Item 1,399,5,1995,Q1 2019
1179,1/12/2019,10,Company J,Laura Larsen,California,Item 1,399,7,2793,Q1 2019
1180,1/12/2019,14,Company N,Michael Fox,New Mexico,Item 3,69,8,552,Q1 2019
1181,1/12/2019,11,Company K,Anne Lee,New Mexico,Item 1,399,4,1596,Q1 2019
1182,1/13/2019,15,Company O,Anne Lee,New Mexico,Item 5,289,2,578,Q1 2019
1183,1/13/2019,3,Company C,Ben Wallace,Texas,Item 1,399,7,2793,Q1 2019
1184,1/13/2019,15,Company O,Anne Lee,New Mexico,Item 2,199,3,597,Q1 2019
1185,1/13/2019,13,Company M,Michael Fox,New Mexico,Item 4,159,0,0,Q1 2019
1186,1/13/2019,3,Company C,Ben Wallace,Texas,Item 4,159,4,636,Q1 2019
1187,1/13/2019,4,Company D,Ben Wallace,Texas,Item 1,399,2,798,Q1 2019
1188,1/13/2019,8,Company H,Kim Fishman,California,Item 4,159,6,954,Q1 2019
1189,1/13/2019,12,Company L,Michael Fox,New Mexico,Item 3,69,4,276,Q1 2019
1190,1/13/2019,2,Company B,Anna Weber,Texas,Item 1,399,4,1596,Q1 2019
1191,1/13/2019,18,Company R,Andrew James,Arizona,Item 1,399,1,399,Q1 2019
1192,1/14/2019,10,Company J,Laura Larsen,California,Item 4,159,3,477,Q1 2019
1193,1/14/2019,3,Company C,Ben Wallace,Texas,Item 3,69,0,0,Q1 2019
1194,1/14/2019,12,Company L,Anne Lee,New Mexico,Item 5,289,7,2023,Q1 2019
1195,1/14/2019,19,Company S,Oscar Knox,Arizona,Item 1,399,8,3192,Q1 2019
1196,1/15/2019,16,Company P,Andrew James,Arizona,Item 5,289,9,2601,Q1 2019
1197,1/16/2019,6,Company F,Kim Fishman,California,Item 2,199,2,398,Q1 2019
1198,1/16/2019,16,Company P,Andrew James,Arizona,Item 3,69,9,621,Q1 2019
1199,1/16/2019,16,Company P,Andrew James,Arizona,Item 3,69,5,345,Q1 2019
1200,1/16/2019,16,Company P,Oscar Knox,Arizona,Item 3,69,2,138,Q1 2019
1201,1/17/2019,16,Company P,Oscar Knox,Arizona,Item 3,69,1,69,Q1 2019
1202,1/17/2019,18,Company R,Andrew James,Arizona,Item 5,289,2,578,Q1 2019
1203,1/17/2019,14,Company N,Michael Fox,New Mexico,Item 1,399,2,798,Q1 2019
1204,1/17/2019,5,Company E,Anna Weber,Texas,Item 3,69,3,207,Q1 2019
1205,1/17/2019,7,Company G,Kim Fishman,California,Item 5,289,5,1445,Q1 2019
1206,1/17/2019,17,Company Q,Oscar Knox,Arizona,Item 3,69,6,414,Q1 2019
1207,1/17/2019,10,Company J,Laura Larsen,California,Item 4,159,3,477,Q1 2019
1208,1/18/2019,7,Company G,Kim Fishman,California,Item 1,399,6,2394,Q1 2019
1209,1/18/2019,12,Company L,Anne Lee,New Mexico,Item 1,399,3,1197,Q1 2019
1210,1/18/2019,11,Company K,Anne Lee,New Mexico,Item 2,199,7,1393,Q1 2019
1211,1/19/2019,9,Company I,Laura Larsen,California,Item 4,159,7,1113,Q1 2019
1212,1/20/2019,14,Company N,Michael Fox,New Mexico,Item 4,159,1,159,Q1 2019
1213,1/20/2019,16,Company P,Oscar Knox,Arizona,Item 3,69,2,138,Q1 2019
1214,1/21/2019,8,Company H,Laura Larsen,California,Item 5,289,4,1156,Q1 2019
1215,1/21/2019,4,Company D,Anna Weber,Texas,Item 3,69,6,414,Q1 2019
1216,1/21/2019,10,Company J,Laura Larsen,California,Item 4,159,1,159,Q1 2019
1217,1/21/2019,4,Company D,Ben Wallace,Texas,Item 4,159,4,636,Q1 2019
1218,1/22/2019,12,Company L,Michael Fox,New Mexico,Item 3,69,7,483,Q1 2019
1219,1/22/2019,2,Company B,Ben Wallace,Texas,Item 5,289,5,1445,Q1 2019
1220,1/22/2019,7,Company G,Kim Fishman,California,Item 5,289,7,2023,Q1 2019
1221,1/23/2019,10,Company J,Laura Larsen,California,Item 4,159,6,954,Q1 2019
1222,1/24/2019,8,Company H,Kim Fishman,California,Item 4,159,4,636,Q1 2019
1223,1/25/2019,18,Company R,Andrew James,Arizona,Item 1,399,9,3591,Q1 2019
1224,1/26/2019,4,Company D,Anna Weber,Texas,Item 2,199,5,995,Q1 2019
1225,1/26/2019,7,Company G,Laura Larsen,California,Item 1,399,8,3192,Q1 2019
1226,1/26/2019,1,Company A,Ben Wallace,Texas,Item 1,399,4,1596,Q1 2019
1227,1/26/2019,10,Company J,Kim Fishman,California,Item 1,399,4,1596,Q1 2019
1228,1/27/2019,17,Company Q,Oscar Knox,Arizona,Item 5,289,2,578,Q1 2019
1229,1/28/2019,12,Company L,Anne Lee,New Mexico,Item 2,199,4,796,Q1 2019
1230,1/28/2019,3,Company C,Anna Weber,Texas,Item 1,399,5,1995,Q1 2019
1231,1/28/2019,2,Company B,Ben Wallace,Texas,Item 3,69,3,207,Q1 2019
1232,1/28/2019,4,Company D,Anna Weber,Texas,Item 4,159,7,1113,Q1 2019
1233,1/28/2019,5,Company E,Anna Weber,Texas,Item 3,69,2,138,Q1 2019
1234,1/29/2019,9,Company I,Laura Larsen,California,Item 4,159,3,477,Q1 2019
1235,1/29/2019,9,Company I,Laura Larsen,California,Item 5,289,1,289,Q1 2019
1236,1/30/2019,3,Company C,Ben Wallace,Texas,Item 4,159,9,1431,Q1 2019
1237,1/31/2019,2,Company B,Ben Wallace,Texas,Item 1,399,7,2793,Q1 2019
1238,2/1/2019,13,Company M,Anne Lee,New Mexico,Item 5,289,9,2601,Q1 2019
1239,2/2/2019,8,Company H,Kim Fishman,California,Item 5,289,3,867,Q1 2019
1240,2/3/2019,12,Company L,Michael Fox,New Mexico,Item 2,199,3,597,Q1 2019
1241,2/3/2019,6,Company F,Laura Larsen,California,Item 3,69,5,345,Q1 2019
1242,2/4/2019,9,Company I,Laura Larsen,California,Item 5,289,0,0,Q1 2019
1243,2/5/2019,16,Company P,Andrew James,Arizona,Item 5,289,9,2601,Q1 2019
1244,2/5/2019,16,Company P,Oscar Knox,Arizona,Item 5,289,9,2601,Q1 2019
1245,2/5/2019,8,Company H,Kim Fishman,California,Item 2,199,0,0,Q1 2019
1246,2/5/2019,3,Company C,Ben Wallace,Texas,Item 5,289,9,2601,Q1 2019
1247,2/5/2019,12,Company L,Michael Fox,New Mexico,Item 4,159,2,318,Q1 2019
1248,2/5/2019,11,Company K,Michael Fox,New Mexico,Item 3,69,4,276,Q1 2019
1249,2/5/2019,9,Company I,Laura Larsen,California,Item 1,399,7,2793,Q1 2019
1250,2/5/2019,3,Company C,Anna Weber,Texas,Item 3,69,6,414,Q1 2019
1251,2/5/2019,3,Company C,Ben Wallace,Texas,Item 2,199,1,199,Q1 2019
1252,2/6/2019,9,Company I,Kim Fishman,California,Item 5,289,4,1156,Q1 2019
1253,2/6/2019,12,Company L,Anne Lee,New Mexico,Item 4,159,2,318,Q1 2019
1254,2/7/2019,15,Company O,Michael Fox,New Mexico,Item 2,199,8,1592,Q1 2019
1255,2/7/2019,14,Company N,Michael Fox,New Mexico,Item 1,399,4,1596,Q1 2019
1256,2/7/2019,8,Company H,Kim Fishman,California,Item 1,399,9,3591,Q1 2019
1257,2/8/2019,14,Company N,Anne Lee,New Mexico,Item 4,159,8,1272,Q1 2019
1258,2/8/2019,11,Company K,Michael Fox,New Mexico,Item 3,69,6,414,Q1 2019
1259,2/9/2019,7,Company G,Kim Fishman,California,Item 1,399,5,1995,Q1 2019
1260,2/9/2019,8,Company H,Laura Larsen,California,Item 2,199,3,597,Q1 2019
1261,2/10/2019,5,Company E,Ben Wallace,Texas,Item 2,199,5,995,Q1 2019
1262,2/10/2019,13,Company M,Anne Lee,New Mexico,Item 4,159,8,1272,Q1 2019
1263,2/11/2019,20,Company T,Oscar Knox,Arizona,Item 1,399,2,798,Q1 2019
1264,2/12/2019,10,Company J,Kim Fishman,California,Item 1,399,5,1995,Q1 2019
1265,2/13/2019,13,Company M,Michael Fox,New Mexico,Item 4,159,3,477,Q1 2019
1266,2/13/2019,8,Company H,Laura Larsen,California,Item 2,199,7,1393,Q1 2019
1267,2/13/2019,17,Company Q,Oscar Knox,Arizona,Item 2,199,9,1791,Q1 2019
1268,2/14/2019,2,Company B,Anna Weber,Texas,Item 3,69,9,621,Q1 2019
1269,2/14/2019,13,Company M,Michael Fox,New Mexico,Item 1,399,6,2394,Q1 2019
1270,2/15/2019,1,Company A,Ben Wallace,Texas,Item 5,289,7,2023,Q1 2019
1271,2/16/2019,16,Company P,Oscar Knox,Arizona,Item 2,199,1,199,Q1 2019
1272,2/17/2019,11,Company K,Anne Lee,New Mexico,Item 5,289,4,1156,Q1 2019
1273,2/18/2019,20,Company T,Andrew James,Arizona,Item 2,199,5,995,Q1 2019
1274,2/18/2019,5,Company E,Ben Wallace,Texas,Item 5,289,0,0,Q1 2019
1275,2/18/2019,8,Company H,Laura Larsen,California,Item 1,399,7,2793,Q1 2019
1276,2/18/2019,14,Company N,Anne Lee,New Mexico,Item 1,399,9,3591,Q1 2019
1277,2/19/2019,9,Company I,Kim Fishman,California,Item 1,399,5,1995,Q1 2019
1278,2/19/2019,3,Company C,Ben Wallace,Texas,Item 1,399,7,2793,Q1 2019
1279,2/19/2019,17,Company Q,Oscar Knox,Arizona,Item 3,69,4,276,Q1 2019
1280,2/19/2019,3,Company C,Anna Weber,Texas,Item 5,289,7,2023,Q1 2019
1281,2/19/2019,19,Company S,Oscar Knox,Arizona,Item 2,199,0,0,Q1 2019
1282,2/19/2019,6,Company F,Kim Fishman,California,Item 3,69,8,552,Q1 2019
1283,2/19/2019,7,Company G,Kim Fishman,California,Item 1,399,3,1197,Q1 2019
1284,2/19/2019,8,Company H,Laura Larsen,California,Item 2,199,5,995,Q1 2019
1285,2/19/2019,2,Company B,Ben Wallace,Texas,Item 3,69,8,552,Q1 2019
1286,2/19/2019,3,Company C,Anna Weber,Texas,Item 5,289,7,2023,Q1 2019
1287,2/19/2019,16,Company P,Oscar Knox,Arizona,Item 1,399,7,2793,Q1 2019
1288,2/19/2019,7,Company G,Laura Larsen,California,Item 2,199,1,199,Q1 2019
1289,2/19/2019,17,Company Q,Andrew James,Arizona,Item 2,199,4,796,Q1 2019
1290,2/19/2019,14,Company N,Anne Lee,New Mexico,Item 5,289,9,2601,Q1 2019
1291,2/20/2019,8,Company H,Laura Larsen,California,Item 5,289,5,1445,Q1 2019
1292,2/20/2019,2,Company B,Anna Weber,Texas,Item 2,199,3,597,Q1 2019
1293,2/20/2019,9,Company I,Laura Larsen,California,Item 4,159,2,318,Q1 2019
1294,2/21/2019,8,Company H,Laura Larsen,California,Item 5,289,1,289,Q1 2019
1295,2/21/2019,18,Company R,Oscar Knox,Arizona,Item 1,399,3,1197,Q1 2019
1296,2/22/2019,20,Company T,Oscar Knox,Arizona,Item 5,289,0,0,Q1 2019
1297,2/22/2019,13,Company M,Michael Fox,New Mexico,Item 5,289,7,2023,Q1 2019
1298,2/22/2019,3,Company C,Ben Wallace,Texas,Item 1,399,3,1197,Q1 2019
1299,2/22/2019,16,Company P,Andrew James,Arizona,Item 2,199,2,398,Q1 2019
1300,2/22/2019,16,Company P,Oscar Knox,Arizona,Item 5,289,3,867,Q1 2019
1301,2/22/2019,3,Company C,Ben Wallace,Texas,Item 2,199,9,1791,Q1 2019
1302,2/22/2019,20,Company T,Andrew James,Arizona,Item 5,289,0,0,Q1 2019
1303,2/22/2019,3,Company C,Anna Weber,Texas,Item 5,289,7,2023,Q1 2019
1304,2/23/2019,8,Company H,Kim Fishman,California,Item 1,399,5,1995,Q1 2019
1305,2/23/2019,6,Company F,Laura Larsen,California,Item 2,199,8,1592,Q1 2019
1306,2/23/2019,7,Company G,Kim Fishman,California,Item 3,69,5,345,Q1 2019
1307,2/23/2019,3,Company C,Ben Wallace,Texas,Item 1,399,8,3192,Q1 2019
1308,2/24/2019,4,Company D,Anna Weber,Texas,Item 1,399,2,798,Q1 2019
1309,2/24/2019,2,Company B,Ben Wallace,Texas,Item 1,399,6,2394,Q1 2019
1310,2/24/2019,8,Company H,Laura Larsen,California,Item 5,289,0,0,Q1 2019
1311,2/25/2019,4,Company D,Ben Wallace,Texas,Item 3,69,4,276,Q1 2019
1312,2/26/2019,13,Company M,Anne Lee,New Mexico,Item 4,159,5,795,Q1 2019
1313,2/26/2019,8,Company H,Kim Fishman,California,Item 4,159,8,1272,Q1 2019
1314,2/26/2019,11,Company K,Michael Fox,New Mexico,Item 2,199,9,1791,Q1 2019
1315,2/26/2019,12,Company L,Anne Lee,New Mexico,Item 3,69,8,552,Q1 2019
1316,2/26/2019,1,Company A,Anna Weber,Texas,Item 3,69,9,621,Q1 2019
1317,2/26/2019,3,Company C,Anna Weber,Texas,Item 5,289,3,867,Q1 2019
1318,2/26/2019,14,Company N,Michael Fox,New Mexico,Item 1,399,2,798,Q1 2019
1319,2/27/2019,11,Company K,Anne Lee,New Mexico,Item 2,199,9,1791,Q1 2019
1320,2/27/2019,8,Company H,Kim Fishman,California,Item 3,69,4,276,Q1 2019
1321,2/28/2019,10,Company J,Kim Fishman,California,Item 3,69,9,621,Q1 2019
1322,2/28/2019,19,Company S,Oscar Knox,Arizona,Item 1,399,9,3591,Q1 2019
1323,2/28/2019,12,Company L,Michael Fox,New Mexico,Item 5,289,1,289,Q1 2019
1324,3/1/2019,17,Company Q,Andrew James,Arizona,Item 4,159,9,1431,Q1 2019
1325,3/1/2019,8,Company H,Kim Fishman,California,Item 1,399,3,1197,Q1 2019
1326,3/1/2019,8,Company H,Laura Larsen,California,Item 4,159,5,795,Q1 2019
1327,3/1/2019,3,Company C,Anna Weber,Texas,Item 2,199,6,1194,Q1 2019
1328,3/2/2019,1,Company A,Ben Wallace,Texas,Item 4,159,6,954,Q1 2019
1329,3/2/2019,19,Company S,Andrew James,Arizona,Item 5,289,7,2023,Q1 2019
1330,3/2/2019,7,Company G,Kim Fishman,California,Item 1,399,7,2793,Q1 2019
1331,3/3/2019,5,Company E,Ben Wallace,Texas,Item 5,289,5,1445,Q1 2019
1332,3/4/2019,2,Company B,Anna Weber,Texas,Item 5,289,0,0,Q1 2019
1333,3/5/2019,16,Company P,Andrew James,Arizona,Item 2,199,5,995,Q1 2019
1334,3/5/2019,12,Company L,Michael Fox,New Mexico,Item 1,399,1,399,Q1 2019
1335,3/6/2019,18,Company R,Oscar Knox,Arizona,Item 3,69,2,138,Q1 2019
1336,3/6/2019,8,Company H,Laura Larsen,California,Item 4,159,8,1272,Q1 2019
1337,3/6/2019,19,Company S,Oscar Knox,Arizona,Item 4,159,5,795,Q1 2019
1338,3/7/2019,9,Company I,Laura Larsen,California,Item 1,399,0,0,Q1 2019
1339,3/7/2019,19,Company S,Oscar Knox,Arizona,Item 3,69,7,483,Q1 2019
1340,3/7/2019,2,Company B,Anna Weber,Texas,Item 2,199,7,1393,Q1 2019
1341,3/7/2019,12,Company L,Michael Fox,New Mexico,Item 4,159,0,0,Q1 2019
1342,3/7/2019,17,Company Q,Andrew James,Arizona,Item 3,69,0,0,Q1 2019
1343,3/7/2019,4,Company D,Ben Wallace,Texas,Item 2,199,1,199,Q1 2019
1344,3/7/2019,6,Company F,Kim Fishman,California,Item 2,199,0,0,Q1 2019
1345,3/7/2019,8,Company H,Laura Larsen,California,Item 4,159,2,318,Q1 2019
1346,3/8/2019,11,Company K,Michael Fox,New Mexico,Item 3,69,7,483,Q1 2019
1347,3/9/2019,14,Company N,Michael Fox,New Mexico,Item 4,159,1,159,Q1 2019
1348,3/9/2019,4,Company D,Ben Wallace,Texas,Item 2,199,6,1194,Q1 2019
1349,3/9/2019,19,Company S,Andrew James,Arizona,Item 2,199,4,796,Q1 2019
1350,3/9/2019,8,Company H,Kim Fishman,California,Item 2,199,7,1393,Q1 2019
1351,3/10/2019,8,Company H,Laura Larsen,California,Item 5,289,9,2601,Q1 2019
1352,3/10/2019,15,Company O,Anne Lee,New Mexico,Item 2,199,2,398,Q1 2019
1353,3/10/2019,6,Company F,Laura Larsen,California,Item 3,69,5,345,Q1 2019
1354,3/10/2019,19,Company S,Oscar Knox,Arizona,Item 1,399,3,1197,Q1 2019
1355,3/11/2019,16,Company P,Oscar Knox,Arizona,Item 5,289,6,1734,Q1 2019
1356,3/11/2019,7,Company G,Kim Fishman,California,Item 3,69,1,69,Q1 2019
1357,3/11/2019,4,Company D,Anna Weber,Texas,Item 5,289,6,1734,Q1 2019
1358,3/11/2019,13,Company M,Anne Lee,New Mexico,Item 3,69,2,138,Q1 2019
1359,3/11/2019,4,Company D,Anna Weber,Texas,Item 5,289,2,578,Q1 2019
1360,3/11/2019,17,Company Q,Oscar Knox,Arizona,Item 1,399,6,2394,Q1 2019
1361,3/11/2019,3,Company C,Anna Weber,Texas,Item 5,289,5,1445,Q1 2019
1362,3/11/2019,9,Company I,Kim Fishman,California,Item 1,399,5,1995,Q1 2019
1363,3/11/2019,2,Company B,Anna Weber,Texas,Item 3,69,4,276,Q1 2019
1364,3/11/2019,15,Company O,Michael Fox,New Mexico,Item 4,159,9,1431,Q1 2019
1365,3/11/2019,14,Company N,Michael Fox,New Mexico,Item 2,199,1,199,Q1 2019
1366,3/11/2019,18,Company R,Andrew James,Arizona,Item 4,159,1,159,Q1 2019
1367,3/11/2019,8,Company H,Kim Fishman,California,Item 2,199,5,995,Q1 2019
1368,3/12/2019,19,Company S,Andrew James,Arizona,Item 1,399,9,3591,Q1 2019
1369,3/13/2019,11,Company K,Michael Fox,New Mexico,Item 2,199,0,0,Q1 2019
1370,3/13/2019,19,Company S,Oscar Knox,Arizona,Item 1,399,2,798,Q1 2019
1371,3/13/2019,15,Company O,Michael Fox,New Mexico,Item 1,399,9,3591,Q1 2019
1372,3/14/2019,4,Company D,Anna Weber,Texas,Item 4,159,2,318,Q1 2019
1373,3/15/2019,1,Company A,Ben Wallace,Texas,Item 2,199,4,796,Q1 2019
1374,3/16/2019,13,Company M,Anne Lee,New Mexico,Item 3,69,9,621,Q1 2019
1375,3/17/2019,4,Company D,Ben Wallace,Texas,Item 4,159,5,795,Q1 2019
1376,3/17/2019,7,Company G,Laura Larsen,California,Item 1,399,6,2394,Q1 2019
1377,3/17/2019,14,Company N,Michael Fox,New Mexico,Item 4,159,6,954,Q1 2019
1378,3/17/2019,14,Company N,Michael Fox,New Mexico,Item 1,399,7,2793,Q1 2019
1379,3/17/2019,14,Company N,Michael Fox,New Mexico,Item 5,289,6,1734,Q1 2019
1380,3/17/2019,11,Company K,Anne Lee,New Mexico,Item 4,159,4,636,Q1 2019
1381,3/18/2019,11,Company K,Anne Lee,New Mexico,Item 4,159,9,1431,Q1 2019
1382,3/19/2019,5,Company E,Ben Wallace,Texas,Item 3,69,1,69,Q1 2019
1383,3/19/2019,14,Company N,Anne Lee,New Mexico,Item 1,399,8,3192,Q1 2019
1384,3/19/2019,15,Company O,Michael Fox,New Mexico,Item 2,199,9,1791,Q1 2019
1385,3/19/2019,17,Company Q,Oscar Knox,Arizona,Item 1,399,5,1995,Q1 2019
1386,3/19/2019,2,Company B,Ben Wallace,Texas,Item 2,199,8,1592,Q1 2019
1387,3/19/2019,18,Company R,Oscar Knox,Arizona,Item 4,159,8,1272,Q1 2019
1388,3/19/2019,9,Company I,Laura Larsen,California,Item 1,399,9,3591,Q1 2019
1389,3/19/2019,1,Company A,Anna Weber,Texas,Item 3,69,9,621,Q1 2019
1390,3/19/2019,4,Company D,Anna Weber,Texas,Item 4,159,3,477,Q1 2019
1391,3/19/2019,10,Company J,Laura Larsen,California,Item 1,399,0,0,Q1 2019
1392,3/20/2019,15,Company O,Anne Lee,New Mexico,Item 4,159,5,795,Q1 2019
1393,3/20/2019,18,Company R,Andrew James,Arizona,Item 3,69,3,207,Q1 2019
1394,3/20/2019,1,Company A,Ben Wallace,Texas,Item 5,289,3,867,Q1 2019
1395,3/21/2019,4,Company D,Anna Weber,Texas,Item 2,199,3,597,Q1 2019
1396,3/22/2019,11,Company K,Michael Fox,New Mexico,Item 1,399,9,3591,Q1 2019
1397,3/23/2019,2,Company B,Anna Weber,Texas,Item 4,159,5,795,Q1 2019
1398,3/23/2019,17,Company Q,Oscar Knox,Arizona,Item 5,289,2,578,Q1 2019
1399,3/23/2019,2,Company B,Ben Wallace,Texas,Item 2,199,8,1592,Q1 2019
1400,3/23/2019,5,Company E,Ben Wallace,Texas,Item 1,399,1,399,Q1 2019
1401,3/23/2019,15,Company O,Anne Lee,New Mexico,Item 5,289,6,1734,Q1 2019
1402,3/23/2019,8,Company H,Laura Larsen,California,Item 3,69,8,552,Q1 2019
1403,3/23/2019,9,Company I,Kim Fishman,California,Item 1,399,9,3591,Q1 2019
1404,3/23/2019,5,Company E,Anna Weber,Texas,Item 5,289,6,1734,Q1 2019
1405,3/23/2019,11,Company K,Anne Lee,New Mexico,Item 2,199,8,1592,Q1 2019
1406,3/23/2019,15,Company O,Anne Lee,New Mexico,Item 4,159,7,1113,Q1 2019
1407,3/24/2019,12,Company L,Anne Lee,New Mexico,Item 1,399,8,3192,Q1 2019
1408,3/25/2019,3,Company C,Anna Weber,Texas,Item 1,399,9,3591,Q1 2019
1409,3/25/2019,18,Company R,Andrew James,Arizona,Item 1,399,3,1197,Q1 2019
1410,3/25/2019,12,Company L,Anne Lee,New Mexico,Item 5,289,6,1734,Q1 2019
1411,3/26/2019,8,Company H,Laura Larsen,California,Item 2,199,1,199,Q1 2019
1412,3/26/2019,19,Company S,Andrew James,Arizona,Item 5,289,3,867,Q1 2019
1413,3/27/2019,4,Company D,Anna Weber,Texas,Item 1,399,6,2394,Q1 2019
1414,3/27/2019,6,Company F,Laura Larsen,California,Item 5,289,7,2023,Q1 2019
1415,3/27/2019,17,Company Q,Andrew James,Arizona,Item 4,159,7,1113,Q1 2019
1416,3/27/2019,13,Company M,Anne Lee,New Mexico,Item 5,289,9,2601,Q1 2019
1417,3/27/2019,18,Company R,Oscar Knox,Arizona,Item 2,199,2,398,Q1 2019
1418,3/28/2019,1,Company A,Ben Wallace,Texas,Item 5,289,9,2601,Q1 2019
1419,3/29/2019,18,Company R,Andrew James,Arizona,Item 4,159,0,0,Q1 2019
1420,3/29/2019,18,Company R,Andrew James,Arizona,Item 2,199,0,0,Q1 2019
1421,3/29/2019,2,Company B,Anna Weber,Texas,Item 2,199,0,0,Q1 2019
1422,3/30/2019,2,Company B,Ben Wallace,Texas,Item 2,199,9,1791,Q1 2019
1423,3/30/2019,7,Company G,Kim Fishman,California,Item 1,399,2,798,Q1 2019
1424,3/31/2019,19,Company S,Andrew James,Arizona,Item 5,289,8,2312,Q1 2019
1425,3/31/2019,19,Company S,Andrew James,Arizona,Item 4,159,6,954,Q1 2019
1426,3/31/2019,13,Company M,Anne Lee,New Mexico,Item 1,399,0,0,Q1 2019
1427,3/31/2019,10,Company J,Laura Larsen,California,Item 1,399,8,3192,Q1 2019
1428,3/31/2019,5,Company E,Ben Wallace,Texas,Item 2,199,9,1791,Q1 2019
1429,4/1/2019,1,Company A,Ben Wallace,Texas,Item 1,399,4,1596,Q2 2019
1430,4/1/2019,10,Company J,Kim Fishman,California,Item 2,199,6,1194,Q2 2019
1431,4/2/2019,8,Company H,Kim Fishman,California,Item 1,399,0,0,Q2 2019
1432,4/3/2019,12,Company L,Michael Fox,New Mexico,Item 4,159,8,1272,Q2 2019
1433,4/4/2019,5,Company E,Ben Wallace,Texas,Item 3,69,5,345,Q2 2019
1434,4/4/2019,8,Company H,Kim Fishman,California,Item 4,159,4,636,Q2 2019
1435,4/4/2019,19,Company S,Oscar Knox,Arizona,Item 5,289,2,578,Q2 2019
1436,4/4/2019,20,Company T,Oscar Knox,Arizona,Item 3,69,9,621,Q2 2019
1437,4/5/2019,7,Company G,Laura Larsen,California,Item 2,199,8,1592,Q2 2019
1438,4/5/2019,4,Company D,Ben Wallace,Texas,Item 3,69,7,483,Q2 2019
1439,4/5/2019,16,Company P,Andrew James,Arizona,Item 2,199,9,1791,Q2 2019
1440,4/5/2019,18,Company R,Andrew James,Arizona,Item 2,199,2,398,Q2 2019
1441,4/5/2019,13,Company M,Anne Lee,New Mexico,Item 2,199,5,995,Q2 2019
1442,4/5/2019,15,Company O,Michael Fox,New Mexico,Item 3,69,1,69,Q2 2019
1443,4/5/2019,15,Company O,Anne Lee,New Mexico,Item 5,289,8,2312,Q2 2019
1444,4/6/2019,3,Company C,Anna Weber,Texas,Item 5,289,2,578,Q2 2019
1445,4/6/2019,1,Company A,Ben Wallace,Texas,Item 2,199,3,597,Q2 2019
1446,4/7/2019,12,Company L,Anne Lee,New Mexico,Item 1,399,5,1995,Q2 2019
1447,4/7/2019,7,Company G,Kim Fishman,California,Item 3,69,6,414,Q2 2019
1448,4/7/2019,15,Company O,Michael Fox,New Mexico,Item 4,159,7,1113,Q2 2019
1449,4/7/2019,20,Company T,Andrew James,Arizona,Item 4,159,9,1431,Q2 2019
1450,4/7/2019,4,Company D,Ben Wallace,Texas,Item 2,199,5,995,Q2 2019
1451,4/8/2019,12,Company L,Michael Fox,New Mexico,Item 4,159,9,1431,Q2 2019
1452,4/9/2019,9,Company I,Laura Larsen,California,Item 1,399,5,1995,Q2 2019
1453,4/9/2019,9,Company I,Kim Fishman,California,Item 3,69,6,414,Q2 2019
1454,4/9/2019,7,Company G,Laura Larsen,California,Item 5,289,3,867,Q2 2019
1455,4/9/2019,5,Company E,Anna Weber,Texas,Item 4,159,7,1113,Q2 2019
1456,4/9/2019,17,Company Q,Oscar Knox,Arizona,Item 2,199,7,1393,Q2 2019
1457,4/9/2019,17,Company Q,Andrew James,Arizona,Item 3,69,5,345,Q2 2019
1458,4/10/2019,15,Company O,Michael Fox,New Mexico,Item 3,69,0,0,Q2 2019
1459,4/10/2019,17,Company Q,Andrew James,Arizona,Item 2,199,5,995,Q2 2019
1460,4/11/2019,13,Company M,Michael Fox,New Mexico,Item 2,199,9,1791,Q2 2019
1461,4/11/2019,16,Company P,Oscar Knox,Arizona,Item 4,159,8,1272,Q2 2019
1462,4/12/2019,19,Company S,Andrew James,Arizona,Item 5,289,3,867,Q2 2019
1463,4/12/2019,13,Company M,Michael Fox,New Mexico,Item 2,199,3,597,Q2 2019
1464,4/12/2019,5,Company E,Ben Wallace,Texas,Item 5,289,5,1445,Q2 2019
1465,4/13/2019,13,Company M,Anne Lee,New Mexico,Item 1,399,0,0,Q2 2019
1466,4/14/2019,9,Company I,Kim Fishman,California,Item 1,399,7,2793,Q2 2019
1467,4/15/2019,3,Company C,Ben Wallace,Texas,Item 2,199,5,995,Q2 2019
1468,4/15/2019,6,Company F,Kim Fishman,California,Item 1,399,0,0,Q2 2019
1469,4/16/2019,12,Company L,Anne Lee,New Mexico,Item 3,69,2,138,Q2 2019
1470,4/17/2019,1,Company A,Anna Weber,Texas,Item 3,69,0,0,Q2 2019
1471,4/18/2019,5,Company E,Ben Wallace,Texas,Item 1,399,8,3192,Q2 2019
1472,4/18/2019,19,Company S,Andrew James,Arizona,Item 3,69,0,0,Q2 2019
1473,4/18/2019,12,Company L,Michael Fox,New Mexico,Item 5,289,5,1445,Q2 2019
1474,4/18/2019,15,Company O,Michael Fox,New Mexico,Item 4,159,8,1272,Q2 2019
1475,4/18/2019,13,Company M,Michael Fox,New Mexico,Item 1,399,5,1995,Q2 2019
1476,4/19/2019,19,Company S,Oscar Knox,Arizona,Item 4,159,9,1431,Q2 2019
1477,4/19/2019,4,Company D,Anna Weber,Texas,Item 1,399,7,2793,Q2 2019
1478,4/19/2019,4,Company D,Ben Wallace,Texas,Item 1,399,9,3591,Q2 2019
1479,4/19/2019,10,Company J,Kim Fishman,California,Item 1,399,4,1596,Q2 2019
1480,4/20/2019,6,Company F,Kim Fishman,California,Item 1,399,6,2394,Q2 2019
1481,4/20/2019,18,Company R,Andrew James,Arizona,Item 4,159,8,1272,Q2 2019
1482,4/20/2019,4,Company D,Anna Weber,Texas,Item 3,69,0,0,Q2 2019
1483,4/20/2019,20,Company T,Andrew James,Arizona,Item 1,399,9,3591,Q2 2019
1484,4/21/2019,18,Company R,Andrew James,Arizona,Item 3,69,2,138,Q2 2019
1485,4/21/2019,6,Company F,Laura Larsen,California,Item 5,289,5,1445,Q2 2019
1486,4/22/2019,1,Company A,Ben Wallace,Texas,Item 3,69,5,345,Q2 2019
1487,4/22/2019,11,Company K,Anne Lee,New Mexico,Item 4,159,6,954,Q2 2019
1488,4/23/2019,12,Company L,Anne Lee,New Mexico,Item 2,199,8,1592,Q2 2019
1489,4/23/2019,6,Company F,Laura Larsen,California,Item 3,69,4,276,Q2 2019
1490,4/23/2019,19,Company S,Oscar Knox,Arizona,Item 1,399,1,399,Q2 2019
1491,4/23/2019,5,Company E,Anna Weber,Texas,Item 1,399,8,3192,Q2 2019
1492,4/23/2019,11,Company K,Anne Lee,New Mexico,Item 1,399,6,2394,Q2 2019
1493,4/23/2019,8,Company H,Laura Larsen,California,Item 1,399,2,798,Q2 2019
1494,4/24/2019,3,Company C,Ben Wallace,Texas,Item 5,289,6,1734,Q2 2019
1495,4/25/2019,7,Company G,Laura Larsen,California,Item 4,159,5,795,Q2 2019
1496,4/25/2019,10,Company J,Kim Fishman,California,Item 1,399,5,1995,Q2 2019
1497,4/26/2019,13,Company M,Anne Lee,New Mexico,Item 2,199,5,995,Q2 2019
1498,4/26/2019,1,Company A,Ben Wallace,Texas,Item 5,289,4,1156,Q2 2019
1499,4/27/2019,18,Company R,Andrew James,Arizona,Item 4,159,1,159,Q2 2019
1500,4/27/2019,18,Company R,Andrew James,Arizona,Item 5,289,8,2312,Q2 2019
1501,4/28/2019,8,Company H,Kim Fishman,California,Item 3,69,8,552,Q2 2019
1502,4/29/2019,7,Company G,Kim Fishman,California,Item 4,159,7,1113,Q2 2019
1503,4/30/2019,6,Company F,Laura Larsen,California,Item 5,289,7,2023,Q2 2019
1504,4/30/2019,11,Company K,Michael Fox,New Mexico,Item 1,399,5,1995,Q2 2019
1505,4/30/2019,9,Company I,Kim Fishman,California,Item 5,289,6,1734,Q2 2019
1506,4/30/2019,20,Company T,Oscar Knox,Arizona,Item 3,69,4,276,Q2 2019
1507,5/1/2019,1,Company A,Ben Wallace,Texas,Item 5,289,6,1734,Q2 2019
1508,5/1/2019,2,Company B,Anna Weber,Texas,Item 2,199,4,796,Q2 2019
1509,5/2/2019,17,Company Q,Oscar Knox,Arizona,Item 5,289,7,2023,Q2 2019
1510,5/2/2019,1,Company A,Anna Weber,Texas,Item 3,69,9,621,Q2 2019
1511,5/3/2019,16,Company P,Andrew James,Arizona,Item 1,399,3,1197,Q2 2019
1512,5/3/2019,12,Company L,Anne Lee,New Mexico,Item 5,289,1,289,Q2 2019
1513,5/3/2019,4,Company D,Anna Weber,Texas,Item 4,159,3,477,Q2 2019
1514,5/3/2019,11,Company K,Michael Fox,New Mexico,Item 2,199,2,398,Q2 2019
1515,5/3/2019,18,Company R,Oscar Knox,Arizona,Item 1,399,6,2394,Q2 2019
1516,5/3/2019,1,Company A,Anna Weber,Texas,Item 4,159,0,0,Q2 2019
1517,5/3/2019,17,Company Q,Andrew James,Arizona,Item 3,69,5,345,Q2 2019
1518,5/3/2019,3,Company C,Anna Weber,Texas,Item 3,69,8,552,Q2 2019
1519,5/4/2019,14,Company N,Anne Lee,New Mexico,Item 3,69,9,621,Q2 2019
1520,5/5/2019,12,Company L,Anne Lee,New Mexico,Item 4,159,4,636,Q2 2019
1521,5/5/2019,19,Company S,Oscar Knox,Arizona,Item 1,399,5,1995,Q2 2019
1522,5/6/2019,15,Company O,Anne Lee,New Mexico,Item 3,69,9,621,Q2 2019
1523,5/7/2019,11,Company K,Michael Fox,New Mexico,Item 4,159,3,477,Q2 2019
1524,5/7/2019,14,Company N,Anne Lee,New Mexico,Item 4,159,1,159,Q2 2019
1525,5/7/2019,3,Company C,Ben Wallace,Texas,Item 3,69,6,414,Q2 2019
1526,5/7/2019,4,Company D,Ben Wallace,Texas,Item 5,289,5,1445,Q2 2019
1527,5/7/2019,16,Company P,Oscar Knox,Arizona,Item 4,159,7,1113,Q2 2019
1528,5/7/2019,13,Company M,Anne Lee,New Mexico,Item 4,159,3,477,Q2 2019
1529,5/7/2019,18,Company R,Andrew James,Arizona,Item 2,199,1,199,Q2 2019
1530,5/7/2019,15,Company O,Michael Fox,New Mexico,Item 1,399,0,0,Q2 2019
1531,5/8/2019,4,Company D,Anna Weber,Texas,Item 2,199,7,1393,Q2 2019
1532,5/9/2019,11,Company K,Anne Lee,New Mexico,Item 5,289,1,289,Q2 2019
1533,5/9/2019,18,Company R,Andrew James,Arizona,Item 3,69,4,276,Q2 2019
1534,5/9/2019,1,Company A,Anna Weber,Texas,Item 3,69,1,69,Q2 2019
1535,5/9/2019,7,Company G,Kim Fishman,California,Item 3,69,5,345,Q2 2019
1536,5/10/2019,19,Company S,Oscar Knox,Arizona,Item 4,159,3,477,Q2 2019
1537,5/10/2019,17,Company Q,Oscar Knox,Arizona,Item 1,399,1,399,Q2 2019
1538,5/10/2019,3,Company C,Ben Wallace,Texas,Item 3,69,6,414,Q2 2019
1539,5/11/2019,15,Company O,Anne Lee,New Mexico,Item 2,199,7,1393,Q2 2019
1540,5/12/2019,9,Company I,Laura Larsen,California,Item 4,159,6,954,Q2 2019
1541,5/12/2019,3,Company C,Anna Weber,Texas,Item 5,289,9,2601,Q2 2019
1542,5/13/2019,5,Company E,Ben Wallace,Texas,Item 2,199,6,1194,Q2 2019
1543,5/13/2019,11,Company K,Anne Lee,New Mexico,Item 1,399,2,798,Q2 2019
1544,5/13/2019,19,Company S,Andrew James,Arizona,Item 2,199,5,995,Q2 2019
1545,5/14/2019,11,Company K,Michael Fox,New Mexico,Item 1,399,6,2394,Q2 2019
1546,5/15/2019,15,Company O,Anne Lee,New Mexico,Item 2,199,7,1393,Q2 2019
1547,5/15/2019,6,Company F,Kim Fishman,California,Item 4,159,5,795,Q2 2019
1548,5/15/2019,14,Company N,Michael Fox,New Mexico,Item 4,159,8,1272,Q2 2019
1549,5/16/2019,3,Company C,Anna Weber,Texas,Item 5,289,4,1156,Q2 2019
1550,5/17/2019,15,Company O,Michael Fox,New Mexico,Item 2,199,3,597,Q2 2019
1551,5/17/2019,1,Company A,Ben Wallace,Texas,Item 1,399,7,2793,Q2 2019
1552,5/17/2019,1,Company A,Anna Weber,Texas,Item 5,289,9,2601,Q2 2019
1553,5/17/2019,10,Company J,Laura Larsen,California,Item 5,289,2,578,Q2 2019
1554,5/17/2019,13,Company M,Anne Lee,New Mexico,Item 3,69,0,0,Q2 2019
1555,5/17/2019,14,Company N,Michael Fox,New Mexico,Item 5,289,6,1734,Q2 2019
1556,5/17/2019,17,Company Q,Oscar Knox,Arizona,Item 2,199,2,398,Q2 2019
1557,5/17/2019,1,Company A,Ben Wallace,Texas,Item 3,69,7,483,Q2 2019
1558,5/18/2019,2,Company B,Ben Wallace,Texas,Item 1,399,4,1596,Q2 2019
1559,5/19/2019,10,Company J,Kim Fishman,California,Item 1,399,1,399,Q2 2019
1560,5/19/2019,20,Company T,Oscar Knox,Arizona,Item 2,199,2,398,Q2 2019
1561,5/19/2019,1,Company A,Anna Weber,Texas,Item 5,289,1,289,Q2 2019
1562,5/20/2019,1,Company A,Anna Weber,Texas,Item 4,159,4,636,Q2 2019
1563,5/20/2019,19,Company S,Andrew James,Arizona,Item 1,399,8,3192,Q2 2019
1564,5/20/2019,2,Company B,Anna Weber,Texas,Item 2,199,9,1791,Q2 2019
1565,5/20/2019,7,Company G,Kim Fishman,California,Item 5,289,8,2312,Q2 2019
1566,5/21/2019,5,Company E,Anna Weber,Texas,Item 5,289,2,578,Q2 2019
1567,5/21/2019,17,Company Q,Andrew James,Arizona,Item 3,69,2,138,Q2 2019
1568,5/22/2019,10,Company J,Kim Fishman,California,Item 5,289,7,2023,Q2 2019
1569,5/22/2019,8,Company H,Laura Larsen,California,Item 3,69,2,138,Q2 2019
1570,5/22/2019,14,Company N,Michael Fox,New Mexico,Item 3,69,9,621,Q2 2019
1571,5/23/2019,15,Company O,Anne Lee,New Mexico,Item 4,159,2,318,Q2 2019
1572,5/24/2019,14,Company N,Anne Lee,New Mexico,Item 1,399,4,1596,Q2 2019
1573,5/25/2019,5,Company E,Anna Weber,Texas,Item 4,159,3,477,Q2 2019
1574,5/25/2019,17,Company Q,Oscar Knox,Arizona,Item 5,289,3,867,Q2 2019
1575,5/25/2019,5,Company E,Ben Wallace,Texas,Item 4,159,2,318,Q2 2019
1576,5/25/2019,12,Company L,Anne Lee,New Mexico,Item 1,399,2,798,Q2 2019
1577,5/25/2019,13,Company M,Anne Lee,New Mexico,Item 2,199,0,0,Q2 2019
1578,5/25/2019,7,Company G,Laura Larsen,California,Item 3,69,3,207,Q2 2019
1579,5/25/2019,1,Company A,Ben Wallace,Texas,Item 2,199,1,199,Q2 2019
1580,5/25/2019,11,Company K,Anne Lee,New Mexico,Item 2,199,6,1194,Q2 2019
1581,5/25/2019,9,Company I,Kim Fishman,California,Item 3,69,0,0,Q2 2019
1582,5/25/2019,16,Company P,Oscar Knox,Arizona,Item 5,289,1,289,Q2 2019
1583,5/25/2019,1,Company A,Ben Wallace,Texas,Item 5,289,9,2601,Q2 2019
1584,5/25/2019,5,Company E,Ben Wallace,Texas,Item 2,199,8,1592,Q2 2019
1585,5/26/2019,10,Company J,Kim Fishman,California,Item 4,159,6,954,Q2 2019
1586,5/26/2019,4,Company D,Anna Weber,Texas,Item 5,289,2,578,Q2 2019
1587,5/26/2019,11,Company K,Anne Lee,New Mexico,Item 2,199,1,199,Q2 2019
1588,5/26/2019,17,Company Q,Andrew James,Arizona,Item 4,159,9,1431,Q2 2019
1589,5/26/2019,7,Company G,Laura Larsen,California,Item 3,69,3,207,Q2 2019
1590,5/26/2019,17,Company Q,Andrew James,Arizona,Item 4,159,2,318,Q2 2019
1591,5/26/2019,16,Company P,Andrew James,Arizona,Item 3,69,5,345,Q2 2019
1592,5/26/2019,16,Company P,Oscar Knox,Arizona,Item 4,159,7,1113,Q2 2019
1593,5/26/2019,16,Company P,Andrew James,Arizona,Item 5,289,9,2601,Q2 2019
1594,5/27/2019,11,Company K,Anne Lee,New Mexico,Item 1,399,0,0,Q2 2019
1595,5/27/2019,19,Company S,Oscar Knox,Arizona,Item 2,199,0,0,Q2 2019
1596,5/28/2019,5,Company E,Anna Weber,Texas,Item 4,159,2,318,Q2 2019
1597,5/28/2019,16,Company P,Oscar Knox,Arizona,Item 2,199,8,1592,Q2 2019
1598,5/28/2019,19,Company S,Andrew James,Arizona,Item 4,159,3,477,Q2 2019
1599,5/28/2019,5,Company E,Ben Wallace,Texas,Item 4,159,9,1431,Q2 2019
1600,5/28/2019,9,Company I,Laura Larsen,California,Item 2,199,1,199,Q2 2019
1601,5/29/2019,17,Company Q,Oscar Knox,Arizona,Item 1,399,2,798,Q2 2019
1602,5/29/2019,4,Company D,Ben Wallace,Texas,Item 2,199,1,199,Q2 2019
1603,5/29/2019,18,Company R,Oscar Knox,Arizona,Item 2,199,8,1592,Q2 2019
1604,5/29/2019,13,Company M,Anne Lee,New Mexico,Item 2,199,7,1393,Q2 2019
1605,5/29/2019,6,Company F,Laura Larsen,California,Item 4,159,5,795,Q2 2019
1606,5/29/2019,16,Company P,Oscar Knox,Arizona,Item 3,69,1,69,Q2 2019
1607,5/30/2019,5,Company E,Anna Weber,Texas,Item 5,289,3,867,Q2 2019
1608,5/30/2019,17,Company Q,Andrew James,Arizona,Item 4,159,8,1272,Q2 2019
1609,5/30/2019,3,Company C,Anna Weber,Texas,Item 4,159,8,1272,Q2 2019
1610,5/31/2019,18,Company R,Andrew James,Arizona,Item 3,69,4,276,Q2 2019
1611,6/1/2019,2,Company B,Ben Wallace,Texas,Item 4,159,1,159,Q2 2019
1612,6/1/2019,10,Company J,Laura Larsen,California,Item 4,159,2,318,Q2 2019
1613,6/1/2019,17,Company Q,Andrew James,Arizona,Item 5,289,0,0,Q2 2019
1614,6/2/2019,8,Company H,Laura Larsen,California,Item 5,289,4,1156,Q2 2019
1615,6/2/2019,3,Company C,Ben Wallace,Texas,Item 3,69,6,414,Q2 2019
1616,6/2/2019,10,Company J,Laura Larsen,California,Item 3,69,4,276,Q2 2019
1617,6/2/2019,15,Company O,Michael Fox,New Mexico,Item 4,159,1,159,Q2 2019
1618,6/3/2019,19,Company S,Andrew James,Arizona,Item 3,69,1,69,Q2 2019
1619,6/4/2019,20,Company T,Andrew James,Arizona,Item 4,159,4,636,Q2 2019
1620,6/5/2019,9,Company I,Laura Larsen,California,Item 1,399,0,0,Q2 2019
1621,6/5/2019,4,Company D,Ben Wallace,Texas,Item 4,159,2,318,Q2 2019
1622,6/5/2019,11,Company K,Michael Fox,New Mexico,Item 5,289,2,578,Q2 2019
1623,6/5/2019,2,Company B,Anna Weber,Texas,Item 4,159,1,159,Q2 2019
1624,6/6/2019,6,Company F,Laura Larsen,California,Item 5,289,1,289,Q2 2019
1625,6/6/2019,14,Company N,Anne Lee,New Mexico,Item 2,199,7,1393,Q2 2019
1626,6/6/2019,15,Company O,Michael Fox,New Mexico,Item 2,199,6,1194,Q2 2019
1627,6/6/2019,5,Company E,Ben Wallace,Texas,Item 1,399,6,2394,Q2 2019
1628,6/6/2019,17,Company Q,Andrew James,Arizona,Item 4,159,7,1113,Q2 2019
1629,6/6/2019,9,Company I,Laura Larsen,California,Item 1,399,0,0,Q2 2019
1630,6/6/2019,4,Company D,Anna Weber,Texas,Item 4,159,4,636,Q2 2019
1631,6/6/2019,17,Company Q,Andrew James,Arizona,Item 3,69,7,483,Q2 2019
1632,6/6/2019,1,Company A,Ben Wallace,Texas,Item 1,399,0,0,Q2 2019
1633,6/6/2019,15,Company O,Anne Lee,New Mexico,Item 4,159,5,795,Q2 2019
1634,6/6/2019,2,Company B,Anna Weber,Texas,Item 4,159,8,1272,Q2 2019
1635,6/6/2019,3,Company C,Anna Weber,Texas,Item 5,289,9,2601,Q2 2019
1636,6/7/2019,2,Company B,Ben Wallace,Texas,Item 3,69,3,207,Q2 2019
1637,6/8/2019,10,Company J,Laura Larsen,California,Item 1,399,5,1995,Q2 2019
1638,6/8/2019,4,Company D,Ben Wallace,Texas,Item 2,199,1,199,Q2 2019
1639,6/8/2019,20,Company T,Oscar Knox,Arizona,Item 1,399,6,2394,Q2 2019
1640,6/8/2019,19,Company S,Oscar Knox,Arizona,Item 3,69,5,345,Q2 2019
1641,6/8/2019,13,Company M,Michael Fox,New Mexico,Item 4,159,2,318,Q2 2019
1642,6/8/2019,17,Company Q,Oscar Knox,Arizona,Item 1,399,9,3591,Q2 2019
1643,6/8/2019,7,Company G,Laura Larsen,California,Item 2,199,9,1791,Q2 2019
1644,6/9/2019,4,Company D,Anna Weber,Texas,Item 1,399,6,2394,Q2 2019
1645,6/9/2019,11,Company K,Michael Fox,New Mexico,Item 1,399,3,1197,Q2 2019
1646,6/10/2019,11,Company K,Michael Fox,New Mexico,Item 2,199,4,796,Q2 2019
1647,6/10/2019,13,Company M,Anne Lee,New Mexico,Item 4,159,9,1431,Q2 2019
1648,6/10/2019,1,Company A,Ben Wallace,Texas,Item 1,399,2,798,Q2 2019
1649,6/11/2019,15,Company O,Michael Fox,New Mexico,Item 4,159,0,0,Q2 2019
1650,6/11/2019,9,Company I,Kim Fishman,California,Item 1,399,3,1197,Q2 2019
1651,6/11/2019,20,Company T,Andrew James,Arizona,Item 3,69,0,0,Q2 2019
1652,6/11/2019,9,Company I,Laura Larsen,California,Item 2,199,5,995,Q2 2019
1653,6/12/2019,15,Company O,Michael Fox,New Mexico,Item 4,159,1,159,Q2 2019
1654,6/13/2019,3,Company C,Anna Weber,Texas,Item 1,399,5,1995,Q2 2019
1655,6/14/2019,17,Company Q,Andrew James,Arizona,Item 2,199,8,1592,Q2 2019
1656,6/14/2019,16,Company P,Andrew James,Arizona,Item 5,289,9,2601,Q2 2019
1657,6/14/2019,10,Company J,Laura Larsen,California,Item 1,399,8,3192,Q2 2019
1658,6/14/2019,3,Company C,Anna Weber,Texas,Item 1,399,8,3192,Q2 2019
1659,6/14/2019,13,Company M,Anne Lee,New Mexico,Item 3,69,4,276,Q2 2019
1660,6/15/2019,13,Company M,Michael Fox,New Mexico,Item 5,289,4,1156,Q2 2019
1661,6/15/2019,9,Company I,Kim Fishman,California,Item 3,69,5,345,Q2 2019
1662,6/15/2019,20,Company T,Andrew James,Arizona,Item 3,69,8,552,Q2 2019
1663,6/15/2019,2,Company B,Anna Weber,Texas,Item 5,289,5,1445,Q2 2019
1664,6/15/2019,13,Company M,Anne Lee,New Mexico,Item 1,399,7,2793,Q2 2019
1665,6/15/2019,17,Company Q,Andrew James,Arizona,Item 2,199,3,597,Q2 2019
1666,6/16/2019,20,Company T,Andrew James,Arizona,Item 2,199,7,1393,Q2 2019
1667,6/16/2019,8,Company H,Laura Larsen,California,Item 1,399,2,798,Q2 2019
1668,6/16/2019,16,Company P,Oscar Knox,Arizona,Item 4,159,3,477,Q2 2019
1669,6/16/2019,18,Company R,Andrew James,Arizona,Item 3,69,8,552,Q2 2019
1670,6/17/2019,1,Company A,Anna Weber,Texas,Item 5,289,5,1445,Q2 2019
1671,6/17/2019,17,Company Q,Andrew James,Arizona,Item 5,289,1,289,Q2 2019
1672,6/17/2019,4,Company D,Ben Wallace,Texas,Item 3,69,8,552,Q2 2019
1673,6/17/2019,18,Company R,Oscar Knox,Arizona,Item 4,159,6,954,Q2 2019
1674,6/18/2019,17,Company Q,Andrew James,Arizona,Item 1,399,3,1197,Q2 2019
1675,6/19/2019,13,Company M,Michael Fox,New Mexico,Item 2,199,0,0,Q2 2019
1676,6/19/2019,11,Company K,Michael Fox,New Mexico,Item 2,199,7,1393,Q2 2019
1677,6/19/2019,14,Company N,Anne Lee,New Mexico,Item 4,159,5,795,Q2 2019
1678,6/20/2019,6,Company F,Kim Fishman,California,Item 4,159,2,318,Q2 2019
1679,6/21/2019,20,Company T,Oscar Knox,Arizona,Item 2,199,7,1393,Q2 2019
1680,6/22/2019,4,Company D,Anna Weber,Texas,Item 4,159,5,795,Q2 2019
1681,6/22/2019,6,Company F,Laura Larsen,California,Item 3,69,5,345,Q2 2019
1682,6/22/2019,3,Company C,Ben Wallace,Texas,Item 2,199,5,995,Q2 2019
1683,6/22/2019,9,Company I,Laura Larsen,California,Item 4,159,4,636,Q2 2019
1684,6/22/2019,12,Company L,Anne Lee,New Mexico,Item 4,159,2,318,Q2 2019
1685,6/22/2019,3,Company C,Anna Weber,Texas,Item 4,159,8,1272,Q2 2019
1686,6/23/2019,15,Company O,Michael Fox,New Mexico,Item 4,159,4,636,Q2 2019
1687,6/23/2019,9,Company I,Kim Fishman,California,Item 4,159,8,1272,Q2 2019
1688,6/24/2019,13,Company M,Michael Fox,New Mexico,Item 1,399,5,1995,Q2 2019
1689,6/25/2019,16,Company P,Andrew James,Arizona,Item 1,399,6,2394,Q2 2019
1690,6/26/2019,7,Company G,Laura Larsen,California,Item 1,399,4,1596,Q2 2019
1691,6/26/2019,2,Company B,Ben Wallace,Texas,Item 5,289,7,2023,Q2 2019
1692,6/27/2019,9,Company I,Kim Fishman,California,Item 3,69,3,207,Q2 2019
1693,6/28/2019,20,Company T,Andrew James,Arizona,Item 5,289,8,2312,Q2 2019
1694,6/29/2019,9,Company I,Kim Fishman,California,Item 1,399,5,1995,Q2 2019
1695,6/29/2019,8,Company H,Laura Larsen,California,Item 2,199,3,597,Q2 2019
1696,6/30/2019,9,Company I,Kim Fishman,California,Item 4,159,7,1113,Q2 2019
1697,7/1/2019,14,Company N,Michael Fox,New Mexico,Item 3,69,8,552,Q3 2019
1698,7/2/2019,8,Company H,Laura Larsen,California,Item 2,199,3,597,Q3 2019
1699,7/2/2019,11,Company K,Michael Fox,New Mexico,Item 4,159,0,0,Q3 2019
1700,7/3/2019,12,Company L,Michael Fox,New Mexico,Item 5,289,5,1445,Q3 2019
1701,7/4/2019,16,Company P,Andrew James,Arizona,Item 1,399,4,1596,Q3 2019
1702,7/5/2019,8,Company H,Kim Fishman,California,Item 2,199,5,995,Q3 2019
1703,7/5/2019,5,Company E,Anna Weber,Texas,Item 1,399,7,2793,Q3 2019
1704,7/6/2019,18,Company R,Andrew James,Arizona,Item 4,159,0,0,Q3 2019
1705,7/7/2019,9,Company I,Kim Fishman,California,Item 2,199,2,398,Q3 2019
1706,7/8/2019,7,Company G,Laura Larsen,California,Item 3,69,3,207,Q3 2019
1707,7/9/2019,19,Company S,Andrew James,Arizona,Item 4,159,0,0,Q3 2019
1708,7/10/2019,5,Company E,Anna Weber,Texas,Item 2,199,3,597,Q3 2019
1709,7/10/2019,8,Company H,Laura Larsen,California,Item 2,199,6,1194,Q3 2019
1710,7/10/2019,14,Company N,Michael Fox,New Mexico,Item 1,399,0,0,Q3 2019
1711,7/10/2019,13,Company M,Anne Lee,New Mexico,Item 3,69,2,138,Q3 2019
1712,7/11/2019,5,Company E,Anna Weber,Texas,Item 4,159,7,1113,Q3 2019
1713,7/11/2019,19,Company S,Oscar Knox,Arizona,Item 1,399,9,3591,Q3 2019
1714,7/12/2019,13,Company M,Michael Fox,New Mexico,Item 2,199,3,597,Q3 2019
1715,7/12/2019,5,Company E,Ben Wallace,Texas,Item 3,69,3,207,Q3 2019
1716,7/12/2019,14,Company N,Michael Fox,New Mexico,Item 1,399,1,399,Q3 2019
1717,7/12/2019,11,Company K,Michael Fox,New Mexico,Item 3,69,1,69,Q3 2019
1718,7/12/2019,7,Company G,Kim Fishman,California,Item 4,159,8,1272,Q3 2019
1719,7/12/2019,5,Company E,Ben Wallace,Texas,Item 5,289,0,0,Q3 2019
1720,7/12/2019,1,Company A,Ben Wallace,Texas,Item 5,289,3,867,Q3 2019
1721,7/13/2019,6,Company F,Laura Larsen,California,Item 2,199,1,199,Q3 2019
1722,7/14/2019,16,Company P,Andrew James,Arizona,Item 2,199,8,1592,Q3 2019
1723,7/14/2019,10,Company J,Laura Larsen,California,Item 2,199,2,398,Q3 2019
1724,7/14/2019,20,Company T,Oscar Knox,Arizona,Item 4,159,1,159,Q3 2019
1725,7/14/2019,4,Company D,Anna Weber,Texas,Item 5,289,8,2312,Q3 2019
1726,7/14/2019,10,Company J,Laura Larsen,California,Item 1,399,9,3591,Q3 2019
1727,7/14/2019,4,Company D,Anna Weber,Texas,Item 2,199,3,597,Q3 2019
1728,7/15/2019,16,Company P,Oscar Knox,Arizona,Item 4,159,3,477,Q3 2019
1729,7/15/2019,2,Company B,Anna Weber,Texas,Item 4,159,4,636,Q3 2019
1730,7/15/2019,18,Company R,Andrew James,Arizona,Item 1,399,5,1995,Q3 2019
1731,7/16/2019,9,Company I,Laura Larsen,California,Item 1,399,0,0,Q3 2019
1732,7/17/2019,4,Company D,Anna Weber,Texas,Item 1,399,8,3192,Q3 2019
1733,7/17/2019,5,Company E,Anna Weber,Texas,Item 4,159,9,1431,Q3 2019
1734,7/18/2019,5,Company E,Anna Weber,Texas,Item 1,399,2,798,Q3 2019
1735,7/18/2019,12,Company L,Anne Lee,New Mexico,Item 1,399,7,2793,Q3 2019
1736,7/18/2019,7,Company G,Laura Larsen,California,Item 5,289,7,2023,Q3 2019
1737,7/18/2019,1,Company A,Ben Wallace,Texas,Item 3,69,3,207,Q3 2019
1738,7/19/2019,18,Company R,Andrew James,Arizona,Item 4,159,6,954,Q3 2019
1739,7/20/2019,3,Company C,Ben Wallace,Texas,Item 3,69,3,207,Q3 2019
1740,7/20/2019,2,Company B,Anna Weber,Texas,Item 2,199,4,796,Q3 2019
1741,7/20/2019,17,Company Q,Oscar Knox,Arizona,Item 5,289,2,578,Q3 2019
1742,7/21/2019,14,Company N,Anne Lee,New Mexico,Item 5,289,9,2601,Q3 2019
1743,7/21/2019,19,Company S,Andrew James,Arizona,Item 3,69,2,138,Q3 2019
1744,7/21/2019,9,Company I,Kim Fishman,California,Item 3,69,4,276,Q3 2019
1745,7/21/2019,9,Company I,Laura Larsen,California,Item 2,199,5,995,Q3 2019
1746,7/22/2019,9,Company I,Laura Larsen,California,Item 3,69,4,276,Q3 2019
1747,7/22/2019,6,Company F,Laura Larsen,California,Item 2,199,0,0,Q3 2019
1748,7/22/2019,11,Company K,Anne Lee,New Mexico,Item 3,69,0,0,Q3 2019
1749,7/23/2019,2,Company B,Ben Wallace,Texas,Item 1,399,9,3591,Q3 2019
1750,7/24/2019,19,Company S,Andrew James,Arizona,Item 3,69,1,69,Q3 2019
1751,7/25/2019,15,Company O,Michael Fox,New Mexico,Item 3,69,4,276,Q3 2019
1752,7/25/2019,6,Company F,Kim Fishman,California,Item 5,289,7,2023,Q3 2019
1753,7/25/2019,12,Company L,Anne Lee,New Mexico,Item 3,69,8,552,Q3 2019
1754,7/25/2019,2,Company B,Ben Wallace,Texas,Item 3,69,9,621,Q3 2019
1755,7/25/2019,15,Company O,Anne Lee,New Mexico,Item 5,289,4,1156,Q3 2019
1756,7/25/2019,2,Company B,Anna Weber,Texas,Item 1,399,9,3591,Q3 2019
1757,7/25/2019,4,Company D,Anna Weber,Texas,Item 5,289,2,578,Q3 2019
1758,7/25/2019,5,Company E,Ben Wallace,Texas,Item 3,69,9,621,Q3 2019
1759,7/26/2019,18,Company R,Andrew James,Arizona,Item 4,159,5,795,Q3 2019
1760,7/27/2019,18,Company R,Oscar Knox,Arizona,Item 2,199,0,0,Q3 2019
1761,7/28/2019,11,Company K,Michael Fox,New Mexico,Item 2,199,4,796,Q3 2019
1762,7/28/2019,19,Company S,Oscar Knox,Arizona,Item 3,69,8,552,Q3 2019
1763,7/29/2019,2,Company B,Anna Weber,Texas,Item 2,199,7,1393,Q3 2019
1764,7/29/2019,9,Company I,Kim Fishman,California,Item 3,69,2,138,Q3 2019
1765,7/30/2019,9,Company I,Laura Larsen,California,Item 2,199,3,597,Q3 2019
1766,7/31/2019,13,Company M,Michael Fox,New Mexico,Item 1,399,8,3192,Q3 2019
1767,7/31/2019,6,Company F,Kim Fishman,California,Item 1,399,9,3591,Q3 2019
1768,8/1/2019,15,Company O,Anne Lee,New Mexico,Item 4,159,1,159,Q3 2019
1769,8/2/2019,6,Company F,Laura Larsen,California,Item 1,399,2,798,Q3 2019
1770,8/3/2019,1,Company A,Ben Wallace,Texas,Item 4,159,8,1272,Q3 2019
1771,8/3/2019,4,Company D,Anna Weber,Texas,Item 2,199,7,1393,Q3 2019
1772,8/4/2019,18,Company R,Andrew James,Arizona,Item 2,199,8,1592,Q3 2019
1773,8/4/2019,5,Company E,Anna Weber,Texas,Item 2,199,2,398,Q3 2019
1774,8/4/2019,8,Company H,Laura Larsen,California,Item 2,199,1,199,Q3 2019
1775,8/4/2019,7,Company G,Laura Larsen,California,Item 3,69,9,621,Q3 2019
1776,8/5/2019,2,Company B,Anna Weber,Texas,Item 5,289,8,2312,Q3 2019
1777,8/6/2019,7,Company G,Kim Fishman,California,Item 1,399,6,2394,Q3 2019
1778,8/7/2019,2,Company B,Anna Weber,Texas,Item 4,159,6,954,Q3 2019
1779,8/7/2019,10,Company J,Kim Fishman,California,Item 4,159,3,477,Q3 2019
1780,8/7/2019,18,Company R,Andrew James,Arizona,Item 5,289,0,0,Q3 2019
1781,8/7/2019,19,Company S,Oscar Knox,Arizona,Item 5,289,8,2312,Q3 2019
1782,8/8/2019,13,Company M,Michael Fox,New Mexico,Item 2,199,3,597,Q3 2019
1783,8/8/2019,5,Company E,Anna Weber,Texas,Item 1,399,1,399,Q3 2019
1784,8/8/2019,14,Company N,Michael Fox,New Mexico,Item 4,159,1,159,Q3 2019
1785,8/8/2019,9,Company I,Laura Larsen,California,Item 3,69,0,0,Q3 2019
1786,8/8/2019,15,Company O,Michael Fox,New Mexico,Item 1,399,2,798,Q3 2019
1787,8/9/2019,15,Company O,Anne Lee,New Mexico,Item 5,289,8,2312,Q3 2019
1788,8/9/2019,11,Company K,Anne Lee,New Mexico,Item 1,399,5,1995,Q3 2019
1789,8/10/2019,4,Company D,Ben Wallace,Texas,Item 2,199,9,1791,Q3 2019
1790,8/10/2019,14,Company N,Anne Lee,New Mexico,Item 4,159,8,1272,Q3 2019
1791,8/11/2019,17,Company Q,Oscar Knox,Arizona,Item 1,399,8,3192,Q3 2019
1792,8/11/2019,3,Company C,Anna Weber,Texas,Item 1,399,2,798,Q3 2019
1793,8/11/2019,17,Company Q,Andrew James,Arizona,Item 3,69,0,0,Q3 2019
1794,8/11/2019,2,Company B,Ben Wallace,Texas,Item 3,69,9,621,Q3 2019
1795,8/11/2019,7,Company G,Laura Larsen,California,Item 3,69,5,345,Q3 2019
1796,8/12/2019,2,Company B,Ben Wallace,Texas,Item 5,289,5,1445,Q3 2019
1797,8/12/2019,10,Company J,Kim Fishman,California,Item 2,199,2,398,Q3 2019
1798,8/12/2019,13,Company M,Anne Lee,New Mexico,Item 5,289,4,1156,Q3 2019
1799,8/12/2019,15,Company O,Michael Fox,New Mexico,Item 1,399,4,1596,Q3 2019
1800,8/12/2019,9,Company I,Kim Fishman,California,Item 2,199,8,1592,Q3 2019
1801,8/12/2019,17,Company Q,Andrew James,Arizona,Item 1,399,1,399,Q3 2019
1802,8/12/2019,6,Company F,Laura Larsen,California,Item 2,199,6,1194,Q3 2019
1803,8/12/2019,18,Company R,Oscar Knox,Arizona,Item 1,399,5,1995,Q3 2019
1804,8/12/2019,8,Company H,Laura Larsen,California,Item 2,199,6,1194,Q3 2019
1805,8/12/2019,13,Company M,Anne Lee,New Mexico,Item 4,159,3,477,Q3 2019
1806,8/12/2019,17,Company Q,Andrew James,Arizona,Item 3,69,7,483,Q3 2019
1807,8/12/2019,4,Company D,Ben Wallace,Texas,Item 3,69,3,207,Q3 2019
1808,8/13/2019,9,Company I,Laura Larsen,California,Item 2,199,3,597,Q3 2019
1809,8/14/2019,8,Company H,Kim Fishman,California,Item 3,69,5,345,Q3 2019
1810,8/14/2019,3,Company C,Ben Wallace,Texas,Item 5,289,3,867,Q3 2019
1811,8/15/2019,15,Company O,Anne Lee,New Mexico,Item 3,69,4,276,Q3 2019
1812,8/15/2019,11,Company K,Anne Lee,New Mexico,Item 3,69,8,552,Q3 2019
1813,8/15/2019,6,Company F,Kim Fishman,California,Item 4,159,6,954,Q3 2019
1814,8/15/2019,9,Company I,Kim Fishman,California,Item 4,159,6,954,Q3 2019
1815,8/16/2019,5,Company E,Ben Wallace,Texas,Item 2,199,2,398,Q3 2019
1816,8/17/2019,10,Company J,Kim Fishman,California,Item 4,159,9,1431,Q3 2019
1817,8/17/2019,8,Company H,Laura Larsen,California,Item 3,69,8,552,Q3 2019
1818,8/17/2019,5,Company E,Anna Weber,Texas,Item 2,199,4,796,Q3 2019
1819,8/17/2019,9,Company I,Kim Fishman,California,Item 2,199,9,1791,Q3 2019
1820,8/17/2019,2,Company B,Anna Weber,Texas,Item 3,69,9,621,Q3 2019
1821,8/17/2019,7,Company G,Laura Larsen,California,Item 2,199,6,1194,Q3 2019
1822,8/18/2019,17,Company Q,Oscar Knox,Arizona,Item 5,289,7,2023,Q3 2019
1823,8/18/2019,9,Company I,Kim Fishman,California,Item 2,199,3,597,Q3 2019
1824,8/18/2019,15,Company O,Michael Fox,New Mexico,Item 4,159,3,477,Q3 2019
1825,8/19/2019,11,Company K,Michael Fox,New Mexico,Item 2,199,5,995,Q3 2019
1826,8/19/2019,18,Company R,Andrew James,Arizona,Item 5,289,4,1156,Q3 2019
1827,8/19/2019,2,Company B,Anna Weber,Texas,Item 5,289,2,578,Q3 2019
1828,8/19/2019,18,Company R,Andrew James,Arizona,Item 3,69,6,414,Q3 2019
1829,8/19/2019,13,Company M,Anne Lee,New Mexico,Item 3,69,4,276,Q3 2019
1830,8/20/2019,5,Company E,Anna Weber,Texas,Item 5,289,2,578,Q3 2019
1831,8/21/2019,8,Company H,Kim Fishman,California,Item 2,199,3,597,Q3 2019
1832,8/21/2019,14,Company N,Anne Lee,New Mexico,Item 4,159,1,159,Q3 2019
1833,8/21/2019,8,Company H,Laura Larsen,California,Item 3,69,5,345,Q3 2019
1834,8/21/2019,5,Company E,Ben Wallace,Texas,Item 2,199,7,1393,Q3 2019
1835,8/21/2019,5,Company E,Ben Wallace,Texas,Item 5,289,3,867,Q3 2019
1836,8/21/2019,9,Company I,Laura Larsen,California,Item 2,199,5,995,Q3 2019
1837,8/22/2019,6,Company F,Kim Fishman,California,Item 3,69,3,207,Q3 2019
1838,8/22/2019,20,Company T,Andrew James,Arizona,Item 1,399,9,3591,Q3 2019
1839,8/22/2019,19,Company S,Oscar Knox,Arizona,Item 5,289,5,1445,Q3 2019
1840,8/22/2019,17,Company Q,Andrew James,Arizona,Item 2,199,5,995,Q3 2019
1841,8/22/2019,3,Company C,Ben Wallace,Texas,Item 2,199,4,796,Q3 2019
1842,8/22/2019,2,Company B,Anna Weber,Texas,Item 4,159,3,477,Q3 2019
1843,8/22/2019,20,Company T,Oscar Knox,Arizona,Item 2,199,1,199,Q3 2019
1844,8/22/2019,5,Company E,Anna Weber,Texas,Item 2,199,4,796,Q3 2019
1845,8/22/2019,5,Company E,Ben Wallace,Texas,Item 4,159,2,318,Q3 2019
1846,8/23/2019,7,Company G,Kim Fishman,California,Item 4,159,1,159,Q3 2019
1847,8/23/2019,2,Company B,Anna Weber,Texas,Item 4,159,6,954,Q3 2019
1848,8/24/2019,1,Company A,Ben Wallace,Texas,Item 3,69,5,345,Q3 2019
1849,8/24/2019,4,Company D,Anna Weber,Texas,Item 1,399,7,2793,Q3 2019
1850,8/25/2019,4,Company D,Ben Wallace,Texas,Item 4,159,1,159,Q3 2019
1851,8/26/2019,14,Company N,Anne Lee,New Mexico,Item 3,69,2,138,Q3 2019
1852,8/27/2019,11,Company K,Michael Fox,New Mexico,Item 3,69,9,621,Q3 2019
1853,8/28/2019,16,Company P,Andrew James,Arizona,Item 3,69,2,138,Q3 2019
1854,8/29/2019,16,Company P,Oscar Knox,Arizona,Item 4,159,8,1272,Q3 2019
1855,8/29/2019,4,Company D,Ben Wallace,Texas,Item 4,159,0,0,Q3 2019
1856,8/30/2019,19,Company S,Andrew James,Arizona,Item 4,159,7,1113,Q3 2019
1857,8/30/2019,7,Company G,Laura Larsen,California,Item 2,199,1,199,Q3 2019
1858,8/30/2019,17,Company Q,Andrew James,Arizona,Item 1,399,1,399,Q3 2019
1859,8/30/2019,6,Company F,Kim Fishman,California,Item 3,69,0,0,Q3 2019
1860,8/30/2019,14,Company N,Anne Lee,New Mexico,Item 1,399,4,1596,Q3 2019
1861,8/30/2019,20,Company T,Oscar Knox,Arizona,Item 1,399,8,3192,Q3 2019
1862,8/30/2019,10,Company J,Kim Fishman,California,Item 5,289,3,867,Q3 2019
1863,8/31/2019,11,Company K,Michael Fox,New Mexico,Item 1,399,5,1995,Q3 2019
1864,9/1/2019,16,Company P,Oscar Knox,Arizona,Item 5,289,3,867,Q3 2019
1865,9/1/2019,11,Company K,Anne Lee,New Mexico,Item 1,399,4,1596,Q3 2019
1866,9/1/2019,7,Company G,Laura Larsen,California,Item 3,69,6,414,Q3 2019
1867,9/2/2019,3,Company C,Anna Weber,Texas,Item 5,289,6,1734,Q3 2019
1868,9/2/2019,15,Company O,Michael Fox,New Mexico,Item 2,199,5,995,Q3 2019
1869,9/3/2019,7,Company G,Kim Fishman,California,Item 1,399,1,399,Q3 2019
1870,9/4/2019,19,Company S,Andrew James,Arizona,Item 1,399,9,3591,Q3 2019
1871,9/4/2019,20,Company T,Oscar Knox,Arizona,Item 4,159,4,636,Q3 2019
1872,9/5/2019,10,Company J,Laura Larsen,California,Item 3,69,7,483,Q3 2019
1873,9/5/2019,8,Company H,Laura Larsen,California,Item 2,199,6,1194,Q3 2019
1874,9/6/2019,9,Company I,Kim Fishman,California,Item 5,289,2,578,Q3 2019
1875,9/6/2019,3,Company C,Ben Wallace,Texas,Item 4,159,9,1431,Q3 2019
1876,9/6/2019,16,Company P,Oscar Knox,Arizona,Item 2,199,8,1592,Q3 2019
1877,9/6/2019,1,Company A,Anna Weber,Texas,Item 1,399,3,1197,Q3 2019
1878,9/6/2019,9,Company I,Kim Fishman,California,Item 3,69,1,69,Q3 2019
1879,9/6/2019,4,Company D,Ben Wallace,Texas,Item 1,399,4,1596,Q3 2019
1880,9/6/2019,11,Company K,Michael Fox,New Mexico,Item 4,159,3,477,Q3 2019
1881,9/7/2019,9,Company I,Kim Fishman,California,Item 3,69,8,552,Q3 2019
1882,9/7/2019,2,Company B,Anna Weber,Texas,Item 2,199,1,199,Q3 2019
1883,9/8/2019,8,Company H,Laura Larsen,California,Item 3,69,4,276,Q3 2019
1884,9/8/2019,13,Company M,Michael Fox,New Mexico,Item 1,399,4,1596,Q3 2019
1885,9/8/2019,14,Company N,Anne Lee,New Mexico,Item 2,199,3,597,Q3 2019
1886,9/8/2019,10,Company J,Laura Larsen,California,Item 5,289,2,578,Q3 2019
1887,9/8/2019,8,Company H,Laura Larsen,California,Item 1,399,1,399,Q3 2019
1888,9/8/2019,3,Company C,Anna Weber,Texas,Item 3,69,7,483,Q3 2019
1889,9/9/2019,18,Company R,Oscar Knox,Arizona,Item 3,69,3,207,Q3 2019
1890,9/10/2019,10,Company J,Laura Larsen,California,Item 2,199,5,995,Q3 2019
1891,9/10/2019,17,Company Q,Andrew James,Arizona,Item 4,159,7,1113,Q3 2019
1892,9/11/2019,5,Company E,Anna Weber,Texas,Item 1,399,9,3591,Q3 2019
1893,9/11/2019,15,Company O,Anne Lee,New Mexico,Item 2,199,1,199,Q3 2019
1894,9/12/2019,8,Company H,Laura Larsen,California,Item 4,159,0,0,Q3 2019
1895,9/12/2019,15,Company O,Anne Lee,New Mexico,Item 1,399,1,399,Q3 2019
1896,9/12/2019,20,Company T,Andrew James,Arizona,Item 5,289,0,0,Q3 2019
1897,9/12/2019,1,Company A,Anna Weber,Texas,Item 4,159,3,477,Q3 2019
1898,9/13/2019,3,Company C,Ben Wallace,Texas,Item 2,199,1,199,Q3 2019
1899,9/14/2019,9,Company I,Laura Larsen,California,Item 2,199,0,0,Q3 2019
1900,9/15/2019,2,Company B,Anna Weber,Texas,Item 2,199,6,1194,Q3 2019
1901,9/16/2019,18,Company R,Andrew James,Arizona,Item 1,399,3,1197,Q3 2019
1902,9/16/2019,14,Company N,Michael Fox,New Mexico,Item 1,399,8,3192,Q3 2019
1903,9/16/2019,15,Company O,Anne Lee,New Mexico,Item 1,399,0,0,Q3 2019
1904,9/17/2019,15,Company O,Anne Lee,New Mexico,Item 1,399,2,798,Q3 2019
1905,9/17/2019,14,Company N,Anne Lee,New Mexico,Item 3,69,5,345,Q3 2019
1906,9/17/2019,16,Company P,Andrew James,Arizona,Item 3,69,8,552,Q3 2019
1907,9/17/2019,1,Company A,Anna Weber,Texas,Item 3,69,2,138,Q3 2019
1908,9/18/2019,20,Company T,Andrew James,Arizona,Item 2,199,7,1393,Q3 2019
1909,9/18/2019,15,Company O,Anne Lee,New Mexico,Item 3,69,8,552,Q3 2019
1910,9/18/2019,14,Company N,Michael Fox,New Mexico,Item 4,159,7,1113,Q3 2019
1911,9/18/2019,1,Company A,Ben Wallace,Texas,Item 1,399,6,2394,Q3 2019
1912,9/19/2019,6,Company F,Kim Fishman,California,Item 5,289,7,2023,Q3 2019
1913,9/19/2019,16,Company P,Oscar Knox,Arizona,Item 3,69,5,345,Q3 2019
1914,9/19/2019,9,Company I,Laura Larsen,California,Item 3,69,0,0,Q3 2019
1915,9/19/2019,11,Company K,Michael Fox,New Mexico,Item 2,199,9,1791,Q3 2019
1916,9/20/2019,5,Company E,Anna Weber,Texas,Item 1,399,4,1596,Q3 2019
1917,9/20/2019,4,Company D,Anna Weber,Texas,Item 5,289,8,2312,Q3 2019
1918,9/20/2019,1,Company A,Anna Weber,Texas,Item 1,399,1,399,Q3 2019
1919,9/20/2019,11,Company K,Anne Lee,New Mexico,Item 2,199,4,796,Q3 2019
1920,9/20/2019,10,Company J,Laura Larsen,California,Item 4,159,9,1431,Q3 2019
1921,9/20/2019,17,Company Q,Oscar Knox,Arizona,Item 1,399,1,399,Q3 2019
1922,9/20/2019,8,Company H,Kim Fishman,California,Item 1,399,3,1197,Q3 2019
1923,9/20/2019,12,Company L,Anne Lee,New Mexico,Item 4,159,8,1272,Q3 2019
1924,9/20/2019,6,Company F,Kim Fishman,California,Item 2,199,0,0,Q3 2019
1925,9/21/2019,19,Company S,Oscar Knox,Arizona,Item 5,289,1,289,Q3 2019
1926,9/22/2019,1,Company A,Anna Weber,Texas,Item 2,199,3,597,Q3 2019
1927,9/22/2019,6,Company F,Laura Larsen,California,Item 5,289,2,578,Q3 2019
1928,9/22/2019,13,Company M,Anne Lee,New Mexico,Item 1,399,6,2394,Q3 2019
1929,9/22/2019,9,Company I,Laura Larsen,California,Item 2,199,3,597,Q3 2019
1930,9/23/2019,4,Company D,Anna Weber,Texas,Item 1,399,7,2793,Q3 2019
1931,9/23/2019,2,Company B,Anna Weber,Texas,Item 1,399,0,0,Q3 2019
1932,9/24/2019,7,Company G,Kim Fishman,California,Item 4,159,5,795,Q3 2019
1933,9/24/2019,2,Company B,Ben Wallace,Texas,Item 4,159,7,1113,Q3 2019
1934,9/25/2019,6,Company F,Laura Larsen,California,Item 5,289,8,2312,Q3 2019
1935,9/25/2019,12,Company L,Michael Fox,New Mexico,Item 5,289,5,1445,Q3 2019
1936,9/26/2019,17,Company Q,Andrew James,Arizona,Item 5,289,6,1734,Q3 2019
1937,9/27/2019,15,Company O,Michael Fox,New Mexico,Item 5,289,2,578,Q3 2019
1938,9/27/2019,13,Company M,Anne Lee,New Mexico,Item 5,289,5,1445,Q3 2019
1939,9/27/2019,13,Company M,Anne Lee,New Mexico,Item 1,399,6,2394,Q3 2019
1940,9/28/2019,12,Company L,Michael Fox,New Mexico,Item 4,159,1,159,Q3 2019
1941,9/28/2019,11,Company K,Anne Lee,New Mexico,Item 3,69,3,207,Q3 2019
1942,9/28/2019,4,Company D,Anna Weber,Texas,Item 2,199,0,0,Q3 2019
1943,9/29/2019,18,Company R,Oscar Knox,Arizona,Item 3,69,3,207,Q3 2019
1944,9/29/2019,12,Company L,Anne Lee,New Mexico,Item 2,199,2,398,Q3 2019
1945,9/29/2019,19,Company S,Oscar Knox,Arizona,Item 5,289,0,0,Q3 2019
1946,9/29/2019,16,Company P,Andrew James,Arizona,Item 2,199,4,796,Q3 2019
1947,9/29/2019,19,Company S,Andrew James,Arizona,Item 2,199,2,398,Q3 2019
1948,9/29/2019,1,Company A,Anna Weber,Texas,Item 5,289,8,2312,Q3 2019
1949,9/29/2019,9,Company I,Kim Fishman,California,Item 1,399,4,1596,Q3 2019
1950,9/30/2019,9,Company I,Laura Larsen,California,Item 3,69,7,483,Q3 2019
1951,10/1/2019,20,Company T,Oscar Knox,Arizona,Item 4,159,1,159,Q4 2019
1952,10/1/2019,8,Company H,Kim Fishman,California,Item 5,289,5,1445,Q4 2019
1953,10/1/2019,18,Company R,Andrew James,Arizona,Item 3,69,0,0,Q4 2019
1954,10/1/2019,2,Company B,Anna Weber,Texas,Item 1,399,2,798,Q4 2019
1955,10/2/2019,10,Company J,Kim Fishman,California,Item 2,199,7,1393,Q4 2019
1956,10/2/2019,13,Company M,Anne Lee,New Mexico,Item 4,159,5,795,Q4 2019
1957,10/2/2019,17,Company Q,Oscar Knox,Arizona,Item 5,289,6,1734,Q4 2019
1958,10/3/2019,8,Company H,Laura Larsen,California,Item 1,399,3,1197,Q4 2019
1959,10/3/2019,12,Company L,Michael Fox,New Mexico,Item 3,69,7,483,Q4 2019
1960,10/4/2019,19,Company S,Andrew James,Arizona,Item 4,159,3,477,Q4 2019
1961,10/4/2019,9,Company I,Kim Fishman,California,Item 5,289,8,2312,Q4 2019
1962,10/4/2019,20,Company T,Oscar Knox,Arizona,Item 1,399,3,1197,Q4 2019
1963,10/5/2019,20,Company T,Andrew James,Arizona,Item 5,289,1,289,Q4 2019
1964,10/5/2019,4,Company D,Anna Weber,Texas,Item 5,289,3,867,Q4 2019
1965,10/5/2019,4,Company D,Ben Wallace,Texas,Item 2,199,2,398,Q4 2019
1966,10/5/2019,15,Company O,Michael Fox,New Mexico,Item 1,399,0,0,Q4 2019
1967,10/5/2019,20,Company T,Andrew James,Arizona,Item 1,399,9,3591,Q4 2019
1968,10/5/2019,1,Company A,Ben Wallace,Texas,Item 3,69,2,138,Q4 2019
1969,10/5/2019,3,Company C,Ben Wallace,Texas,Item 2,199,1,199,Q4 2019
1970,10/5/2019,11,Company K,Anne Lee,New Mexico,Item 1,399,2,798,Q4 2019
1971,10/5/2019,17,Company Q,Oscar Knox,Arizona,Item 3,69,6,414,Q4 2019
1972,10/5/2019,8,Company H,Kim Fishman,California,Item 3,69,0,0,Q4 2019
1973,10/5/2019,12,Company L,Michael Fox,New Mexico,Item 1,399,6,2394,Q4 2019
1974,10/6/2019,19,Company S,Oscar Knox,Arizona,Item 5,289,1,289,Q4 2019
1975,10/7/2019,6,Company F,Kim Fishman,California,Item 4,159,4,636,Q4 2019
1976,10/7/2019,15,Company O,Michael Fox,New Mexico,Item 4,159,1,159,Q4 2019
1977,10/8/2019,10,Company J,Kim Fishman,California,Item 4,159,6,954,Q4 2019
1978,10/8/2019,14,Company N,Anne Lee,New Mexico,Item 2,199,0,0,Q4 2019
1979,10/9/2019,11,Company K,Anne Lee,New Mexico,Item 4,159,0,0,Q4 2019
1980,10/9/2019,17,Company Q,Oscar Knox,Arizona,Item 3,69,4,276,Q4 2019
1981,10/9/2019,12,Company L,Michael Fox,New Mexico,Item 5,289,0,0,Q4 2019
1982,10/9/2019,15,Company O,Anne Lee,New Mexico,Item 3,69,1,69,Q4 2019
1983,10/10/2019,3,Company C,Ben Wallace,Texas,Item 1,399,1,399,Q4 2019
1984,10/11/2019,20,Company T,Oscar Knox,Arizona,Item 2,199,1,199,Q4 2019
1985,10/12/2019,13,Company M,Michael Fox,New Mexico,Item 1,399,3,1197,Q4 2019
1986,10/12/2019,1,Company A,Anna Weber,Texas,Item 3,69,8,552,Q4 2019
1987,10/13/2019,9,Company I,Kim Fishman,California,Item 5,289,0,0,Q4 2019
1988,10/13/2019,2,Company B,Ben Wallace,Texas,Item 2,199,5,995,Q4 2019
1989,10/13/2019,12,Company L,Anne Lee,New Mexico,Item 5,289,3,867,Q4 2019
1990,10/13/2019,11,Company K,Michael Fox,New Mexico,Item 2,199,4,796,Q4 2019
1991,10/14/2019,3,Company C,Anna Weber,Texas,Item 2,199,7,1393,Q4 2019
1992,10/15/2019,5,Company E,Anna Weber,Texas,Item 4,159,7,1113,Q4 2019
1993,10/16/2019,15,Company O,Anne Lee,New Mexico,Item 2,199,1,199,Q4 2019
1994,10/16/2019,3,Company C,Anna Weber,Texas,Item 3,69,3,207,Q4 2019
1995,10/16/2019,1,Company A,Anna Weber,Texas,Item 2,199,8,1592,Q4 2019
1996,10/16/2019,9,Company I,Laura Larsen,California,Item 3,69,8,552,Q4 2019
1997,10/16/2019,5,Company E,Ben Wallace,Texas,Item 3,69,6,414,Q4 2019
1998,10/16/2019,3,Company C,Ben Wallace,Texas,Item 1,399,6,2394,Q4 2019
1999,10/16/2019,6,Company F,Laura Larsen,California,Item 5,289,1,289,Q4 2019
2000,10/16/2019,14,Company N,Michael Fox,New Mexico,Item 2,199,4,796,Q4 2019